% Place BibTex citations here in the format:
% article{citation_key, author = joe, title = example, journal = neature, year = 1969}
% Do your best to place these in order within the text -- they do not automatically order in-text citation numbers, nor collapse into [n-p] -- could be listed as [o, p, n, m] if that's how you order the \cite command

@article{ani-1,
title  ="ANI-1: an extensible neural network potential with DFT accuracy at force field computational cost",
author ="Smith, J. S. and Isayev, O. and Roitberg, A. E.",
journal  ="Chem. Sci.",
year  ="2017",
volume  ="8",
issue  ="4",
pages  ="3192-3203",
publisher  ="The Royal Society of Chemistry",
doi  ="10.1039/C6SC05720A",
url  ="http://dx.doi.org/10.1039/C6SC05720A"}

@article{ani-1_dataset,
title={ANI-1, A data set of 20 million calculated off-equilibrium conformations for organic molecules},
author={Smith, Justin S. and Isayev, Olexandr and Roitberg, Adrian E.},
journal={Scientific Data},
year={2017},
month={Dec},
day={19},
volume={4},
number={1},
pages={170193},
issn={2052-4463},
doi={10.1038/sdata.2017.193},
url={https://doi.org/10.1038/sdata.2017.193}
}

@article{ani-1x,
    title = {Less is more: Sampling chemical space with active learning},
    author = {Smith, Justin S. and Nebgen, Ben and Lubbers, Nicholas and Isayev, Olexandr and Roitberg, Adrian E.},
    journal = {The Journal of Chemical Physics},
    volume = {148},
    number = {24},
    pages = {241733},
    year = {2018},
    month = {05},
    issn = {0021-9606},
    doi = {10.1063/1.5023802},
    url = {https://doi.org/10.1063/1.5023802},
    eprint = {https://pubs.aip.org/aip/jcp/article-pdf/doi/10.1063/1.5023802/16656391/241733\_1\_online.pdf},
}

@article{ani-1ccx,
title={Approaching coupled cluster accuracy with a general-purpose neural network potential through transfer learning},
author={Smith, Justin S. and Nebgen, Benjamin T. and Zubatyuk, Roman and Lubbers, Nicholas and Devereux, Christian and Barros, Kipton and Tretiak, Sergei and Isayev, Olexandr and Roitberg, Adrian E.},
journal={Nature Communications},
year={2019},
month={Jul},
day={01},
volume={10},
number={1},
pages={2903},
issn={2041-1723},
doi={10.1038/s41467-019-10827-4},
url={https://doi.org/10.1038/s41467-019-10827-4}
}


@article{1x_1ccx_datasets,
title={The ANI-1ccx and ANI-1x data sets, coupled-cluster and density functional theory properties for molecules},
author={Smith, Justin S. and Zubatyuk, Roman and Nebgen, Benjamin and Lubbers, Nicholas and Barros, Kipton and Roitberg, Adrian E. and Isayev, Olexandr and Tretiak, Sergei},
journal={Scientific Data},
year={2020},
month={May},
day={01},
volume={7},
number={1},
pages={134},
issn={2052-4463},
doi={10.1038/s41597-020-0473-z},
url={https://doi.org/10.1038/s41597-020-0473-z}
}

@article{torchani,
title={TorchANI: A Free and Open Source PyTorch-Based Deep Learning Implementation of the ANI Neural Network Potentials},
author={Gao, Xiang and Ramezanghorbani, Farhad and Isayev, Olexandr and Smith, Justin S. and Roitberg, Adrian E.},
journal={Journal of Chemical Information and Modeling},
year={2020},
month={Jul},
day={27},
publisher={American Chemical Society},
volume={60},
number={7},
pages={3408-3415},
issn={1549-9596},
doi={10.1021/acs.jcim.0c00451},
url={https://doi.org/10.1021/acs.jcim.0c00451}
}

@article{ani-2x,
title = {Extending the Applicability of the ANI Deep Learning Molecular Potential to Sulfur and Halogens},
author = {Devereux, Christian and Smith, Justin S. and Huddleston, Kate K. and Barros, Kipton and Zubatyuk, Roman and Isayev, Olexandr and Roitberg, Adrian E.},
journal = {Journal of Chemical Theory and Computation},
volume = {16},
number = {7},
pages = {4192-4202},
year = {2020},
doi = {10.1021/acs.jctc.0c00121},
note ={PMID: 32543858},
URL = {https://doi.org/10.1021/acs.jctc.0c00121},
eprint = {https://doi.org/10.1021/acs.jctc.0c00121}
}

@article{ml_mm_santi_y_jonny,
title={Assessment of Embedding Schemes in a Hybrid Machine Learning/Classical Potentials (ML/MM) Approach},
author={Grassano, Juan S. and Pickering, Ignacio and Roitberg, Adrian E. and Gonz{\'a}lez Lebrero, Mariano C. and Estrin, Dario A. and Semelak, Jonathan A.},
journal={Journal of Chemical Information and Modeling},
year={2024},
month={May},
day={27},
publisher={American Chemical Society},
volume={64},
number={10},
pages={4047-4058},
issn={1549-9596},
doi={10.1021/acs.jcim.4c00478},
url={https://doi.org/10.1021/acs.jcim.4c00478}
}

@article{ani-1xnr, 
author={Zhang, Shuhao and Makoś, Małgorzata and Jadrich, Ryan and Kraka, Elfi and Barros, Kipton and Nebgen, Benjamin and Tretiak, Sergei and Isayev, Olexandr and Lubbers, Nicholas and Messerly, Richard and Smith, Justin}, 
title={Exploring the frontiers of chemistry with a general reactive machine learning potential}, 
journal={ChemRxiv}, 
DOI={10.26434/chemrxiv-2022-15ct6-v3}, 
year={2023}
}

@article{yinuo_reactive_MLPs,
   author = "Yang, Yinuo and Zhang, Shuhao and Ranasinghe, Kavindri D. and Isayev, Olexandr and Roitberg, Adrian E.",
   title = "Machine Learning of Reactive Potentials", 
   journal= "Annual Review of Physical Chemistry",
   year = "2024",
   volume = "75",
   number = "Volume 75, 2024",
   pages = "371-395",
   doi = "https://doi.org/10.1146/annurev-physchem-062123-024417",
   url = "https://www.annualreviews.org/content/journals/10.1146/annurev-physchem-062123-024417",
   publisher = "Annual Reviews",
   issn = "1545-1593",
   type = "Journal Article",
   keywords = "neural networks",
   keywords = "chemical reactions",
   keywords = "machine learning",
   keywords = "computational chemistry",
   keywords = "potential energy surface",
   abstract = "In the past two decades, machine learning potentials (MLPs) have driven significant developments in chemical, biological, and material sciences. The construction and training of MLPs enable fast and accurate simulations and analysis of thermodynamic and kinetic properties. This review focuses on the application of MLPs to reaction systems with consideration of bond breaking and formation. We review the development of MLP models, primarily with neural network and kernel-based algorithms, and recent applications of reactive MLPs (RMLPs) to systems at different scales. We show how RMLPs are constructed, how they speed up the calculation of reactive dynamics, and how they facilitate the study of reaction trajectories, reaction rates, free energy calculations, and many other calculations. Different data sampling strategies applied in building RMLPs are also discussed with a focus on how to collect structures for rare events and how to further improve their performance with active learning.",
  }

@article{legolas, 
author={Darrows, Mikayla and Kodituwakku, Dimuthu and Xue, Jinze and Pickering, Ignacio and Terrel, Nicholas and Roitberg, Adrian}, 
title={LEGOLAS: a Machine Learning method for rapid and accurate predictions of protein NMR chemical shifts.}, 
DOI={10.26434/chemrxiv-2025-w2qn8}, 
journal={ChemRxiv}, 
year={2025}} 

@article{behler_parrinello,
  title = {Generalized Neural-Network Representation of High-Dimensional Potential-Energy Surfaces},
  author = {Behler, J\"org and Parrinello, Michele},
  journal = {Phys. Rev. Lett.},
  volume = {98},
  issue = {14},
  pages = {146401},
  numpages = {4},
  year = {2007},
  month = {Apr},
  publisher = {American Physical Society},
  doi = {10.1103/PhysRevLett.98.146401},
  url = {https://link.aps.org/doi/10.1103/PhysRevLett.98.146401}
}

@article{atom_centered_symmetry_function_behler,
    title = {Atom-centered symmetry functions for constructing high-dimensional neural network potentials},
    author = {Behler, Jörg},
    journal = {The Journal of Chemical Physics},
    volume = {134},
    number = {7},
    pages = {074106},
    year = {2011},
    month = {02},
    issn = {0021-9606},
    doi = {10.1063/1.3553717},
    url = {https://doi.org/10.1063/1.3553717},
    eprint = {https://pubs.aip.org/aip/jcp/article-pdf/doi/10.1063/1.3553717/15435271/074106\_1\_online.pdf},
}

@article{deep_learning_lecun,
title={Deep learning},
author={LeCun, Yann and Bengio, Yoshua and Hinton, Geoffrey},
journal={Nature},
year={2015},
month={May},
day={01},
volume={521},
number={7553},
pages={436-444},
issn={1476-4687},
doi={10.1038/nature14539},
url={https://doi.org/10.1038/nature14539}
}

@article{uncertainty_atomistic_ml_peterson,
title  ="Addressing uncertainty in atomistic machine learning",
author ="Peterson, Andrew A. and Christensen, Rune and Khorshidi, Alireza",
journal  ="Phys. Chem. Chem. Phys.",
year  ="2017",
volume  ="19",
issue  ="18",
pages  ="10978-10985",
publisher  ="The Royal Society of Chemistry",
doi  ="10.1039/C7CP00375G",
url  ="http://dx.doi.org/10.1039/C7CP00375G"}

@article{protein_ff_fragmentation_nn_wang,
title = {Toward Building Protein Force Fields by Residue-Based Systematic Molecular Fragmentation and Neural Network},
author = {Wang, Hao and Yang, Weitao},
journal = {Journal of Chemical Theory and Computation},
volume = {15},
number = {2},
pages = {1409-1417},
year = {2019},
doi = {10.1021/acs.jctc.8b00895},
URL = {https://doi.org/10.1021/acs.jctc.8b00895},
eprint = {https://doi.org/10.1021/acs.jctc.8b00895}
}

@article{ml_energy_conserving_ff_chmiela,
title = {Machine learning of accurate energy-conserving molecular force fields},
author = {Stefan Chmiela  and Alexandre Tkatchenko  and Huziel E. Sauceda  and Igor Poltavsky  and Kristof T. Schütt  and Klaus-Robert Müller },
journal = {Science Advances},
volume = {3},
number = {5},
pages = {e1603015},
year = {2017},
doi = {10.1126/sciadv.1603015},
URL = {https://www.science.org/doi/abs/10.1126/sciadv.1603015},
eprint = {https://www.science.org/doi/pdf/10.1126/sciadv.1603015}
}

@article{ab_initio_pes_using_ml_lu,
title={Fast Near Ab Initio Potential Energy Surfaces Using Machine Learning},
author={Lu, Fenris and Cheng, Lixue and DiRisio, Ryan J. and Finney, Jacob M. and Boyer, Mark A. and Moonkaen, Pattarapon and Sun, Jiace and Lee, Sebastian J. R. and Deustua, J. Emiliano and Miller III, Thomas F. and McCoy, Anne B.},
journal={The Journal of Physical Chemistry A},
year={2022},
month={Jun},
day={30},
publisher={American Chemical Society},
volume={126},
number={25},
pages={4013-4024},
issn={1089-5639},
doi={10.1021/acs.jpca.2c02243},
url={https://doi.org/10.1021/acs.jpca.2c02243}
}

@article{ml_pes_jiang,
title={High-Fidelity Potential Energy Surfaces for Gas-Phase and Gas--Surface Scattering Processes from Machine Learning},
author={Jiang, Bin and Li, Jun and Guo, Hua},
journal={The Journal of Physical Chemistry Letters},
year={2020},
month={Jul},
day={02},
publisher={American Chemical Society},
volume={11},
number={13},
pages={5120-5131},
doi={10.1021/acs.jpclett.0c00989},
url={https://doi.org/10.1021/acs.jpclett.0c00989}
}

@article{pes_fitted_by_NN_handley,
title={Potential Energy Surfaces Fitted by Artificial Neural Networks},
author={Handley, Chris M. and Popelier, Paul L. A.},
journal={The Journal of Physical Chemistry A},
year={2010},
month={Mar},
day={18},
publisher={American Chemical Society},
volume={114},
number={10},
pages={3371-3383},
issn={1089-5639},
doi={10.1021/jp9105585},
url={https://doi.org/10.1021/jp9105585}
}

@article{dft_first_paper,
  title = {Self-Consistent Equations Including Exchange and Correlation Effects},
  author = {Kohn, W. and Sham, L. J.},
  journal = {Phys. Rev.},
  volume = {140},
  issue = {4A},
  pages = {A1133--A1138},
  numpages = {0},
  year = {1965},
  month = {Nov},
  publisher = {American Physical Society},
  doi = {10.1103/PhysRev.140.A1133},
  url = {https://link.aps.org/doi/10.1103/PhysRev.140.A1133}
}

@article{perspective_fifty_years_DFT,
    title = {Perspective: Fifty years of density-functional theory in chemical physics},
    author = {Becke, Axel D.},
    journal = {The Journal of Chemical Physics},
    volume = {140},
    number = {18},
    pages = {18A301},
    year = {2014},
    month = {04},
    issn = {0021-9606},
    doi = {10.1063/1.4869598},
    url = {https://doi.org/10.1063/1.4869598},
    eprint = {https://pubs.aip.org/aip/jcp/article-pdf/doi/10.1063/1.4869598/19900307/18a301\_1\_1.4869598.pdf},
}

@article{wB97X,
    author = {Chai, Jeng-Da and Head-Gordon, Martin},
    title = {Systematic optimization of long-range corrected hybrid density functionals},
    journal = {The Journal of Chemical Physics},
    volume = {128},
    number = {8},
    pages = {084106},
    year = {2008},
    month = {02},
    issn = {0021-9606},
    doi = {10.1063/1.2834918},
    url = {https://doi.org/10.1063/1.2834918},
    eprint = {https://pubs.aip.org/aip/jcp/article-pdf/doi/10.1063/1.2834918/15411250/084106\_1\_online.pdf},
}

@article{coupled_cluster_first_paper,
    title = {On the Correlation Problem in Atomic and Molecular Systems. Calculation of Wavefunction Components in Ursell‐Type Expansion Using Quantum‐Field Theoretical Methods},
    author = {Čížek, Jiří},
    journal = {The Journal of Chemical Physics},
    volume = {45},
    number = {11},
    pages = {4256-4266},
    year = {1966},
    month = {12},
    issn = {0021-9606},
    doi = {10.1063/1.1727484},
    url = {https://doi.org/10.1063/1.1727484},
    eprint = {https://pubs.aip.org/aip/jcp/article-pdf/45/11/4256/18845884/4256\_1\_online.pdf},
}

@article{dplno_ccsd(t)*,
    title = {Sparse maps—A systematic infrastructure for reduced-scaling electronic structure methods. II. Linear scaling domain based pair natural orbital coupled cluster theory},
    author = {Riplinger, Christoph and Pinski, Peter and Becker, Ute and Valeev, Edward F. and Neese, Frank},
    journal = {The Journal of Chemical Physics},
    volume = {144},
    number = {2},
    pages = {024109},
    year = {2016},
    month = {01},
    issn = {0021-9606},
    doi = {10.1063/1.4939030},
    url = {https://doi.org/10.1063/1.4939030},
    eprint = {https://pubs.aip.org/aip/jcp/article-pdf/doi/10.1063/1.4939030/15507141/024109\_1\_online.pdf},
}

@article{ccsd(t)_f12,
    author = {Adler, Thomas B. and Knizia, Gerald and Werner, Hans-Joachim},
    title = {A simple and efficient CCSD(T)-F12 approximation},
    journal = {The Journal of Chemical Physics},
    volume = {127},
    number = {22},
    pages = {221106},
    year = {2007},
    month = {12},
    issn = {0021-9606},
    doi = {10.1063/1.2817618},
    url = {https://doi.org/10.1063/1.2817618},
    eprint = {https://pubs.aip.org/aip/jcp/article-pdf/doi/10.1063/1.2817618/13499829/221106\_1\_online.pdf},
}

@article{mol_reps_in_AI_drug_discovery_david,
author={David, Laurianne and Thakkar, Amol and Mercado, Roc{\'i}o and Engkvist, Ola},
title={Molecular representations in AI-driven drug discovery: a review and practical guide},
journal={Journal of Cheminformatics},
year={2020},
month={Sep},
day={17},
volume={12},
number={1},
pages={56},
issn={1758-2946},
doi={10.1186/s13321-020-00460-5},
url={https://doi.org/10.1186/s13321-020-00460-5}
}

@article{scalable_uncertainty_scalia,
author={Scalia, Gabriele and Grambow, Colin A. and Pernici, Barbara and Li, Yi-Pei and Green, William H.},
title={Evaluating Scalable Uncertainty Estimation Methods for Deep Learning-Based Molecular Property Prediction},
journal={Journal of Chemical Information and Modeling},
year={2020},
month={Jun},
day={22},
publisher={American Chemical Society},
volume={60},
number={6},
pages={2697-2717},
issn={1549-9596},
doi={10.1021/acs.jcim.9b00975},
url={https://doi.org/10.1021/acs.jcim.9b00975}
}

@misc{scalable_uncertainty_lakshminarayanan,
      title={Simple and Scalable Predictive Uncertainty Estimation using Deep Ensembles}, 
      author={Balaji Lakshminarayanan and Alexander Pritzel and Charles Blundell},
      year={2017},
      eprint={1612.01474},
      archivePrefix={arXiv},
      primaryClass={stat.ML},
      url={https://arxiv.org/abs/1612.01474}, 
}

@article{uncertainty_of_nnp_ensembles_kahle,
  title = {Quality of uncertainty estimates from neural network potential ensembles},
  author = {Kahle, Leonid and Zipoli, Federico},
  journal = {Phys. Rev. E},
  volume = {105},
  issue = {1},
  pages = {015311},
  numpages = {11},
  year = {2022},
  month = {Jan},
  publisher = {American Physical Society},
  doi = {10.1103/PhysRevE.105.015311},
  url = {https://link.aps.org/doi/10.1103/PhysRevE.105.015311}
}

@article{uncertainty_quantification_yang,
  title={Explainable Uncertainty Quantifications for Deep Learning-Based Molecular Property Prediction},
  author={Yang, Chu-I and Li, Yi-Pei},
  journal={ChemRxiv},
  doi={10.26434/chemrxiv-2022-qt49t},
  year={2022}
}

@article{uncertainty_quantification_dropout_wen,
title={Uncertainty quantification in molecular simulations with dropout neural network potentials},
author={Wen, Mingjian and Tadmor, Ellad B.},
journal={npj Computational Materials},
year={2020},
month={Aug},
day={14},
volume={6},
number={1},
pages={124},
doi={10.1038/s41524-020-00390-8},
url={https://doi.org/10.1038/s41524-020-00390-8}
}

@article{optimal_ensemble_averaging_naftaly,
title = {Optimal ensemble averaging of neural networks},
author = {Ury Naftaly, Nathan Intrator and David Horn},
journal = {Network: Computation in Neural Systems},
volume = {8},
number = {3},
pages = {283--296},
year = {1997},
publisher = {Taylor \& Francis},
doi = {10.1088/0954-898X\_8\_3\_004},
URL = {https://doi.org/10.1088/0954-898X_8_3_004},
eprint = {https://doi.org/10.1088/0954-898X_8_3_004}
}

@article{ensemble_deep_learning_review_ganaie,
   title={Ensemble deep learning: A review},
   author={Ganaie, M.A. and Hu, Minghui and Malik, A.K. and Tanveer, M. and Suganthan, P.N.},
   volume={115},
   ISSN={0952-1976},
   url={http://dx.doi.org/10.1016/j.engappai.2022.105151},
   DOI={10.1016/j.engappai.2022.105151},
   journal={Engineering Applications of Artificial Intelligence},
   publisher={Elsevier BV},
   year={2022},
   month=oct, pages={105151} }

@article{automated_fragment_gen_smiles_bilsland,
title={Automated Generation of Novel Fragments Using Screening Data, a Dual SMILES Autoencoder, Transfer Learning and Syntax Correction},
author={Bilsland, Alan E. and McAulay, Kirsten and West, Ryan and Pugliese, Angelo and Bower, Justin},
journal={Journal of Chemical Information and Modeling},
year={2021},
month={Jun},
day={28},
publisher={American Chemical Society},
volume={61},
number={6},
pages={2547-2559},
issn={1549-9596},
doi={10.1021/acs.jcim.0c01226},
url={https://doi.org/10.1021/acs.jcim.0c01226}
}

@article{mol_patterns_SMARTS_schmidt,
title={Comparing Molecular Patterns Using the Example of SMARTS: Theory and Algorithms},
author={Schmidt, Robert and Ehmki, Emanuel S. R. and Ohm, Farina and Ehrlich, Hans-Christian and Mashychev, Andriy and Rarey, Matthias},
journal={Journal of Chemical Information and Modeling},
year={2019},
month={Jun},
day={24},
publisher={American Chemical Society},
volume={59},
number={6},
pages={2560-2571},
issn={1549-9596},
doi={10.1021/acs.jcim.9b00250},
url={https://doi.org/10.1021/acs.jcim.9b00250}
}

@article{direct_chem_perception_mobley,
title={Escaping Atom Types in Force Fields Using Direct Chemical Perception},
author={Mobley, David L. and Bannan, Caitlin C. and Rizzi, Andrea and Bayly, Christopher I. and Chodera, John D. and Lim, Victoria T. and Lim, Nathan M. and Beauchamp, Kyle A. and Slochower, David R. and Shirts, Michael R. and Gilson, Michael K. and Eastman, Peter K.},
journal={Journal of Chemical Theory and Computation},
year={2018},
month={Nov},
day={13},
publisher={American Chemical Society},
volume={14},
number={11},
pages={6076-6092},
issn={1549-9618},
doi={10.1021/acs.jctc.8b00640},
url={https://doi.org/10.1021/acs.jctc.8b00640}
}

@article{SMILES_pair_encoding_li,
title={SMILES Pair Encoding: A Data-Driven Substructure Tokenization Algorithm for Deep Learning},
author={Li, Xinhao and Fourches, Denis},
journal={Journal of Chemical Information and Modeling},
year={2021},
month={Apr},
day={26},
publisher={American Chemical Society},
volume={61},
number={4},
pages={1560-1569},
issn={1549-9596},
doi={10.1021/acs.jcim.0c01127},
url={https://doi.org/10.1021/acs.jcim.0c01127}
}

@article{gdb-13,
author={Blum, Lorenz C. and Reymond, Jean-Louis},
title={970 Million Druglike Small Molecules for Virtual Screening in the Chemical Universe Database GDB-13},
journal={Journal of the American Chemical Society},
year={2009},
month={Jul},
day={01},
publisher={American Chemical Society},
volume={131},
number={25},
pages={8732-8733},
issn={0002-7863},
doi={10.1021/ja902302h},
url={https://doi.org/10.1021/ja902302h}
}

@article{gdb-17,
title={Enumeration of 166 Billion Organic Small Molecules in the Chemical Universe Database GDB-17},
author={Ruddigkeit, Lars and van Deursen, Ruud and Blum, Lorenz C. and Reymond, Jean-Louis},
journal={Journal of Chemical Information and Modeling},
year={2012},
month={Nov},
day={26},
publisher={American Chemical Society},
volume={52},
number={11},
pages={2864-2875},
issn={1549-9596},
doi={10.1021/ci300415d},
url={https://doi.org/10.1021/ci300415d}
}

@article{ChEMBL_gaulton,
    title = {ChEMBL: a large-scale bioactivity database for drug discovery},
    author = {Gaulton, Anna and Bellis, Louisa J. and Bento, A. Patricia and Chambers, Jon and Davies, Mark and Hersey, Anne and Light, Yvonne and McGlinchey, Shaun and Michalovich, David and Al-Lazikani, Bissan and Overington, John P.},
    journal = {Nucleic Acids Research},
    volume = {40},
    number = {D1},
    pages = {D1100-D1107},
    year = {2011},
    month = {09},
    issn = {0305-1048},
    doi = {10.1093/nar/gkr777},
    url = {https://doi.org/10.1093/nar/gkr777},
    eprint = {https://academic.oup.com/nar/article-pdf/40/D1/D1100/16955876/gkr777.pdf},
}

@article{trp_cage_roitberg,
author={Simmerling, Carlos and Strockbine, Bentley and Roitberg, Adrian E.},
title={All-Atom Structure Prediction and Folding Simulations of a Stable Protein},
journal={Journal of the American Chemical Society},
year={2002},
month={Sep},
day={01},
publisher={American Chemical Society},
volume={124},
number={38},
pages={11258-11259},
issn={0002-7863},
doi={10.1021/ja0273851},
url={https://doi.org/10.1021/ja0273851}
}

@article{dft_qm_mm_roitberg,
author={Crespo, Alejandro and Scherlis, Dami{\'a}n A. and Mart{\'i}, Marcelo A. and Ordej{\'o}n, Pablo and Roitberg, Adri{\'a}n E. and Estrin, Dar{\'i}o A.},
title={A DFT-Based QM-MM Approach Designed for the Treatment of Large Molecular Systems:{\thinspace} Application to Chorismate Mutase},
journal={The Journal of Physical Chemistry B},
year={2003},
month={Dec},
day={01},
publisher={American Chemical Society},
volume={107},
number={49},
pages={13728-13736},
issn={1520-6106},
doi={10.1021/jp036236h},
url={https://doi.org/10.1021/jp036236h}
}

@article{remd_adrian1,
author={Roitberg, Adrian E. and Okur, Asim and Simmerling, Carlos},
title={Coupling of Replica Exchange Simulations to a Non-Boltzmann Structure Reservoir},
journal={The Journal of Physical Chemistry B},
year={2007},
month={Mar},
day={01},
publisher={American Chemical Society},
volume={111},
number={10},
pages={2415-2418},
issn={1520-6106},
doi={10.1021/jp068335b},
url={https://doi.org/10.1021/jp068335b}
}

@article{remd_adrian2,
    author = {Sindhikara, Daniel and Meng, Yilin and Roitberg, Adrian E.},
    title = {Exchange frequency in replica exchange molecular dynamics},
    journal = {The Journal of Chemical Physics},
    volume = {128},
    number = {2},
    pages = {024103},
    year = {2008},
    month = {01},
    issn = {0021-9606},
    doi = {10.1063/1.2816560},
    url = {https://doi.org/10.1063/1.2816560},
    eprint = {https://pubs.aip.org/aip/jcp/article-pdf/doi/10.1063/1.2816560/13511221/024103\_1\_online.pdf},
}

@article{remd_umbrella,
author={Sabri Dashti, Danial and Roitberg, Adrian E.},
title={Optimization of Umbrella Sampling Replica Exchange Molecular Dynamics by Replica Positioning},
journal={Journal of Chemical Theory and Computation},
year={2013},
month={Nov},
day={12},
publisher={American Chemical Society},
volume={9},
number={11},
pages={4692-4699},
issn={1549-9618},
doi={10.1021/ct400366h},
url={https://doi.org/10.1021/ct400366h}
}



@article{remd_adrian3,
  title     = "Constant pH replica exchange molecular dynamics in biomolecules
               using a discrete protonation model",
  author    = "Meng, Yilin and Roitberg, Adrian E",
  journal   = "J. Chem. Theory Comput.",
  publisher = "American Chemical Society (ACS)",
  volume    =  6,
  number    =  4,
  pages     = "1401--1412",
  month     =  apr,
  year      =  2010,
  language  = "en"
}

@article{remd_adrian4,
title={Constant pH Replica Exchange Molecular Dynamics in Explicit Solvent Using Discrete Protonation States: Implementation, Testing, and Validation},
author={Swails, Jason M. and York, Darrin M. and Roitberg, Adrian E.},
journal={Journal of Chemical Theory and Computation},
year={2014},
month={Mar},
day={11},
publisher={American Chemical Society},
volume={10},
number={3},
pages={1341-1352},
issn={1549-9618},
doi={10.1021/ct401042b},
url={https://doi.org/10.1021/ct401042b}
}

@article{original_amber,
title = {AMBER, a package of computer programs for applying molecular mechanics, normal mode analysis, molecular dynamics and free energy calculations to simulate the structural and energetic properties of molecules},
journal = {Computer Physics Communications},
volume = {91},
number = {1},
pages = {1-41},
year = {1995},
issn = {0010-4655},
doi = {https://doi.org/10.1016/0010-4655(95)00041-D},
url = {https://www.sciencedirect.com/science/article/pii/001046559500041D},
author = {David A. Pearlman and David A. Case and James W. Caldwell and Wilson S. Ross and Thomas E. Cheatham and Steve DeBolt and David Ferguson and George Seibel and Peter Kollman},
keywords = {Molecular mechanics, Molecular dynamics, Normal modes, Free energies, Computer simulations}
}

@article{amber_suite,
author = {Case, David A. and Cheatham III, Thomas E. and Darden, Tom and Gohlke, Holger and Luo, Ray and Merz Jr., Kenneth M. and Onufriev, Alexey and Simmerling, Carlos and Wang, Bing and Woods, Robert J.},
title = {The Amber biomolecular simulation programs},
journal = {Journal of Computational Chemistry},
volume = {26},
number = {16},
pages = {1668-1688},
keywords = {Amber, biomolecular simulation programs},
doi = {https://doi.org/10.1002/jcc.20290},
url = {https://onlinelibrary.wiley.com/doi/abs/10.1002/jcc.20290},
eprint = {https://onlinelibrary.wiley.com/doi/pdf/10.1002/jcc.20290},
year = {2005}
}

@article{amber_overview,
author = {Salomon-Ferrer, Romelia and Case, David A. and Walker, Ross C.},
title = {An overview of the Amber biomolecular simulation package},
journal = {WIREs Computational Molecular Science},
volume = {3},
number = {2},
pages = {198-210},
doi = {https://doi.org/10.1002/wcms.1121},
url = {https://wires.onlinelibrary.wiley.com/doi/abs/10.1002/wcms.1121},
eprint = {https://wires.onlinelibrary.wiley.com/doi/pdf/10.1002/wcms.1121},
year = {2013}
}

@article{gpu_accelerated_AMBER18,
title={GPU-Accelerated Molecular Dynamics and Free Energy Methods in Amber18: Performance Enhancements and New Features},
author={Lee, Tai-Sung and Cerutti, David S. and Mermelstein, Dan and Lin, Charles and LeGrand, Scott and Giese, Timothy J. and Roitberg, Adrian and Case, David A. and Walker, Ross C. and York, Darrin M.},
journal={Journal of Chemical Information and Modeling},
year={2018},
month={Oct},
day={22},
publisher={American Chemical Society},
volume={58},
number={10},
pages={2043-2050},
issn={1549-9596},
doi={10.1021/acs.jcim.8b00462},
url={https://doi.org/10.1021/acs.jcim.8b00462}
}

@article{gpu_accelerated_AMBER,
title={Routine Microsecond Molecular Dynamics Simulations with AMBER on GPUs. 1. Generalized Born},
author={G{\"o}tz, Andreas W. and Williamson, Mark J. and Xu, Dong and Poole, Duncan and Le Grand, Scott and Walker, Ross C.},
journal={Journal of Chemical Theory and Computation},
year={2012},
month={May},
day={08},
publisher={American Chemical Society},
volume={8},
number={5},
pages={1542-1555},
issn={1549-9618},
doi={10.1021/ct200909j},
url={https://doi.org/10.1021/ct200909j}
}

@article{gpu_dft,
author={Yasuda, Koji},
title={Accelerating Density Functional Calculations with Graphics Processing Unit},
journal={Journal of Chemical Theory and Computation},
year={2008},
month={Aug},
day={01},
publisher={American Chemical Society},
volume={4},
number={8},
pages={1230-1236},
issn={1549-9618},
doi={10.1021/ct8001046},
url={https://doi.org/10.1021/ct8001046}
}

@article{gpu_quantum_chem1,
  author={Ufimtsev, Ivan S. and Martínez, Todd J.},
  journal={Computing in Science \& Engineering}, 
  title={Graphical Processing Units for Quantum Chemistry}, 
  year={2008},
  volume={10},
  number={6},
  pages={26-34},
  keywords={Chemistry;Quantum mechanics;Quantum computing;Computer architecture;Samarium;Chemicals;Arithmetic;Computer interfaces;Hardware;Gaussian integrals;quantum chemistry;graphics processing unit;Coulomb repulsion;novel architectures},
  doi={10.1109/MCSE.2008.148}}

@article{gpu_quantum_chem2,
  doi = {10.1088/1742-6596/215/1/012121},
  url = {https://dx.doi.org/10.1088/1742-6596/215/1/012121},
  year = {2010},
  month = {mar},
  volume = {215},
  number = {1},
  pages = {012121},
  author = {H Tomono and M Aoki and T Iitaka and K Tsumuraya},
  title = {GPU based acceleration of first principles calculation},
  journal = {Journal of Physics: Conference Series}
}

@article{parallel_ab_initio_luehr,
author={Luehr, Nathan
and Jin, Alex G. B.
and Mart{\'i}nez, Todd J.},
title={Ab Initio Interactive Molecular Dynamics on Graphical Processing Units (GPUs)},
journal={Journal of Chemical Theory and Computation},
year={2015},
month={Oct},
day={13},
publisher={American Chemical Society},
volume={11},
number={10},
pages={4536-4544},
issn={1549-9618},
doi={10.1021/acs.jctc.5b00419},
url={https://doi.org/10.1021/acs.jctc.5b00419}
}

@article{interatomic_ff_ML_glielmo,
author = {Glielmo, Aldo and Sollich, Peter and Vita, Alessandro},
year = {2016},
month = {11},
pages = {},
title = {Accurate Interatomic Force Fields via Machine Learning with Covariant Kernels},
volume = {95},
journal = {Physical Review B},
doi = {10.1103/PhysRevB.95.214302}
}

@article{deep_tensor_NNs_schutt,
title={Quantum-chemical insights from deep tensor neural networks},
author={Sch{\"u}tt, Kristof T. and Arbabzadah, Farhad and Chmiela, Stefan and M{\"u}ller, Klaus R. and Tkatchenko, Alexandre},
journal={Nature Communications},
year={2017},
month={Jan},
day={09},
volume={8},
number={1},
pages={13890},
issn={2041-1723},
doi={10.1038/ncomms13890},
url={https://doi.org/10.1038/ncomms13890}
}

@article{TensorMol,
author ="Yao, Kun and Herr, John E. and Toth, David W. and Mckintyre, Ryker and Parkhill, John",
title ="The TensorMol-0.1 model chemistry: a neural network augmented with long-range physics",
journal ="Chem. Sci.",
year ="2018",
volume ="9",
issue ="8",
pages ="2261-2269",
publisher ="The Royal Society of Chemistry",
doi ="10.1039/C7SC04934J",
url ="http://dx.doi.org/10.1039/C7SC04934J"
}

@article{reactive_nnp_behler,
title = {First Principles Neural Network Potentials for Reactive Simulations of Large Molecular and Condensed Systems},
author = {Behler, Jörg},
journal = {Angewandte Chemie International Edition},
volume = {56},
number = {42},
pages = {12828-12840},
keywords = {computational chemistry, density functional calculations, molecular dynamics, neural networks, potential energy surfaces},
doi = {https://doi.org/10.1002/anie.201703114},
url = {https://onlinelibrary.wiley.com/doi/abs/10.1002/anie.201703114},
eprint = {https://onlinelibrary.wiley.com/doi/pdf/10.1002/anie.201703114},
year = {2017}
}

@article{md_onthefly_ml_forces_li,
  title = {Molecular Dynamics with On-the-Fly Machine Learning of Quantum-Mechanical Forces},
  author = {Li, Zhenwei and Kermode, James R. and De Vita, Alessandro},
  journal = {Phys. Rev. Lett.},
  volume = {114},
  issue = {9},
  pages = {096405},
  numpages = {5},
  year = {2015},
  month = {Mar},
  publisher = {American Physical Society},
  doi = {10.1103/PhysRevLett.114.096405},
  url = {https://link.aps.org/doi/10.1103/PhysRevLett.114.096405}
}

@article{prediction_errors_ml_lower_than_dft_faber,
title={Prediction Errors of Molecular Machine Learning Models Lower than Hybrid DFT Error},
author={Faber, Felix A. and Hutchison, Luke and Huang, Bing and Gilmer, Justin and Schoenholz, Samuel S. and Dahl, George E. and Vinyals, Oriol and Kearnes, Steven and Riley, Patrick F. and von Lilienfeld, O. Anatole},
journal={Journal of Chemical Theory and Computation},
year={2017},
month={Nov},
day={14},
publisher={American Chemical Society},
volume={13},
number={11},
pages={5255-5264},
issn={1549-9618},
doi={10.1021/acs.jctc.7b00577},
url={https://doi.org/10.1021/acs.jctc.7b00577}
}

@article{ml_atomization_energies_rupp,
  title = {Fast and Accurate Modeling of Molecular Atomization Energies with Machine Learning},
  author = {Rupp, Matthias and Tkatchenko, Alexandre and M\"uller, Klaus-Robert and von Lilienfeld, O. Anatole},
  journal = {Phys. Rev. Lett.},
  volume = {108},
  issue = {5},
  pages = {058301},
  numpages = {5},
  year = {2012},
  month = {Jan},
  publisher = {American Physical Society},
  doi = {10.1103/PhysRevLett.108.058301},
  url = {https://link.aps.org/doi/10.1103/PhysRevLett.108.058301}
}

@article{PerSpect_ml,
author = {Zhenyu Meng  and Kelin Xia },
title = {Persistent spectral–based machine learning (PerSpect ML) for protein-ligand binding affinity prediction},
journal = {Science Advances},
volume = {7},
number = {19},
pages = {eabc5329},
year = {2021},
doi = {10.1126/sciadv.abc5329},
URL = {https://www.science.org/doi/abs/10.1126/sciadv.abc5329},
eprint = {https://www.science.org/doi/pdf/10.1126/sciadv.abc5329}
}

@article{gnn_property_prediction1,
author={See, Teng Jiek
and Zhang, Daokun
and Boley, Mario
and Chalmers, David K.},
title={Graph Neural Network-Based Molecular Property Prediction with Patch Aggregation},
journal={Journal of Chemical Theory and Computation},
year={2024},
month={Oct},
day={22},
publisher={American Chemical Society},
volume={20},
number={20},
pages={8886-8896},
issn={1549-9618},
doi={10.1021/acs.jctc.4c00798},
url={https://doi.org/10.1021/acs.jctc.4c00798}
}

@article{gnn_property_prediction2,
author={Wu, Zhenxing and Wang, Jike and Du, Hongyan and Jiang, Dejun and Kang, Yu and Li, Dan and Pan, Peichen and Deng, Yafeng and Cao, Dongsheng and Hsieh, Chang-Yu and Hou, Tingjun},
title={Chemistry-intuitive explanation of graph neural networks for molecular property prediction with substructure masking},
journal={Nature Communications},
year={2023},
month={May},
day={04},
volume={14},
number={1},
pages={2585},
issn={2041-1723},
doi={10.1038/s41467-023-38192-3},
url={https://doi.org/10.1038/s41467-023-38192-3}
}

@article{gaussian_process_regression1,
author={Deringer, Volker L. and Bart{\'o}k, Albert P. and Bernstein, Noam and Wilkins, David M. and Ceriotti, Michele and Cs{\'a}nyi, G{\'a}bor},
title={Gaussian Process Regression for Materials and Molecules},
journal={Chemical Reviews},
year={2021},
month={Aug},
day={25},
publisher={American Chemical Society},
volume={121},
number={16},
pages={10073-10141},
issn={0009-2665},
doi={10.1021/acs.chemrev.1c00022},
url={https://doi.org/10.1021/acs.chemrev.1c00022}
}

@article{gaussian_process_regression2,
author={Burn, Matthew J. and Popelier, Paul L. A.},
title={Gaussian Process Regression Models for Predicting Atomic Energies and Multipole Moments},
journal={Journal of Chemical Theory and Computation},
year={2023},
month={Feb},
day={28},
publisher={American Chemical Society},
volume={19},
number={4},
pages={1370-1380},
issn={1549-9618},
doi={10.1021/acs.jctc.2c00731},
url={https://doi.org/10.1021/acs.jctc.2c00731}
}

@article{interatomic_descriptors_kabylda,
author={Kabylda, Adil and Vassilev-Galindo, Valentin and Chmiela, Stefan and Poltavsky, Igor and Tkatchenko, Alexandre},
title={Efficient interatomic descriptors for accurate machine learning force fields of extended molecules},
journal={Nature Communications},
year={2023},
month={Jun},
day={15},
volume={14},
number={1},
pages={3562},
issn={2041-1723},
doi={10.1038/s41467-023-39214-w},
url={https://doi.org/10.1038/s41467-023-39214-w}
}

@article{NN_SVG, 
doi = {10.21105/joss.00747}, 
url = {https://doi.org/10.21105/joss.00747}, 
year = {2019}, publisher = {The Open Journal}, 
volume = {4}, 
number = {33}, 
pages = {747}, 
author = {Alexander LeNail}, title = {NN-SVG: Publication-Ready Neural Network Architecture Schematics}, journal = {Journal of Open Source Software} 
}

@article{schrodinger_eqn,
  title = {An Undulatory Theory of the Mechanics of Atoms and Molecules},
  author = {Schr\"odinger, E.},
  journal = {Phys. Rev.},
  volume = {28},
  issue = {6},
  pages = {1049--1070},
  numpages = {0},
  year = {1926},
  month = {Dec},
  publisher = {American Physical Society},
  doi = {10.1103/PhysRev.28.1049},
  url = {https://link.aps.org/doi/10.1103/PhysRev.28.1049}
}


