% Place BibTex citations here in the format:
% article{citation_key, author = joe, title = example, journal = neature, year = 1969}
% Do your best to place these in order within the text -- they do not automatically order in-text citation numbers, nor collapse into [n-p] -- could be listed as [o, p, n, m] if that's how you order the \cite command

@article{ani-1,
title  ="ANI-1: an extensible neural network potential with DFT accuracy at force field computational cost",
author ="Smith, J. S. and Isayev, O. and Roitberg, A. E.",
journal  ="Chem. Sci.",
year  ="2017",
volume  ="8",
issue  ="4",
pages  ="3192-3203",
publisher  ="The Royal Society of Chemistry",
doi  ="10.1039/C6SC05720A",
url  ="http://dx.doi.org/10.1039/C6SC05720A"}

@article{ani-1_dataset,
title={ANI-1, A data set of 20 million calculated off-equilibrium conformations for organic molecules},
author={Smith, Justin S. and Isayev, Olexandr and Roitberg, Adrian E.},
journal={Scientific Data},
year={2017},
month={Dec},
day={19},
volume={4},
number={1},
pages={170193},
issn={2052-4463},
doi={10.1038/sdata.2017.193},
url={https://doi.org/10.1038/sdata.2017.193}
}

@article{ani-1x,
    title = {Less is more: Sampling chemical space with active learning},
    author = {Smith, Justin S. and Nebgen, Ben and Lubbers, Nicholas and Isayev, Olexandr and Roitberg, Adrian E.},
    journal = {The Journal of Chemical Physics},
    volume = {148},
    number = {24},
    pages = {241733},
    year = {2018},
    month = {05},
    issn = {0021-9606},
    doi = {10.1063/1.5023802},
    url = {https://doi.org/10.1063/1.5023802},
    eprint = {https://pubs.aip.org/aip/jcp/article-pdf/doi/10.1063/1.5023802/16656391/241733\_1\_online.pdf},
}

@article{ani-1ccx,
title={Approaching coupled cluster accuracy with a general-purpose neural network potential through transfer learning},
author={Smith, Justin S. and Nebgen, Benjamin T. and Zubatyuk, Roman and Lubbers, Nicholas and Devereux, Christian and Barros, Kipton and Tretiak, Sergei and Isayev, Olexandr and Roitberg, Adrian E.},
journal={Nature Communications},
year={2019},
month={Jul},
day={01},
volume={10},
number={1},
pages={2903},
issn={2041-1723},
doi={10.1038/s41467-019-10827-4},
url={https://doi.org/10.1038/s41467-019-10827-4}
}


@article{1x_1ccx_datasets,
title={The ANI-1ccx and ANI-1x data sets, coupled-cluster and density functional theory properties for molecules},
author={Smith, Justin S. and Zubatyuk, Roman and Nebgen, Benjamin and Lubbers, Nicholas and Barros, Kipton and Roitberg, Adrian E. and Isayev, Olexandr and Tretiak, Sergei},
journal={Scientific Data},
year={2020},
month={May},
day={01},
volume={7},
number={1},
pages={134},
issn={2052-4463},
doi={10.1038/s41597-020-0473-z},
url={https://doi.org/10.1038/s41597-020-0473-z}
}

@article{torchani,
title={TorchANI: A Free and Open Source PyTorch-Based Deep Learning Implementation of the ANI Neural Network Potentials},
author={Gao, Xiang and Ramezanghorbani, Farhad and Isayev, Olexandr and Smith, Justin S. and Roitberg, Adrian E.},
journal={Journal of Chemical Information and Modeling},
year={2020},
month={Jul},
day={27},
publisher={American Chemical Society},
volume={60},
number={7},
pages={3408-3415},
issn={1549-9596},
doi={10.1021/acs.jcim.0c00451},
url={https://doi.org/10.1021/acs.jcim.0c00451}
}

@article{ani-2x,
title = {Extending the Applicability of the ANI Deep Learning Molecular Potential to Sulfur and Halogens},
author = {Devereux, Christian and Smith, Justin S. and Huddleston, Kate K. and Barros, Kipton and Zubatyuk, Roman and Isayev, Olexandr and Roitberg, Adrian E.},
journal = {Journal of Chemical Theory and Computation},
volume = {16},
number = {7},
pages = {4192-4202},
year = {2020},
doi = {10.1021/acs.jctc.0c00121},
note ={PMID: 32543858},
URL = {https://doi.org/10.1021/acs.jctc.0c00121},
eprint = {https://doi.org/10.1021/acs.jctc.0c00121}
}

@misc{2x_dataset,
  author       = {Huddleston, Kate and Zubatyuk, Roman and Smith, Justin and Roitberg, Adrian and Isayev, Olexandr and Pickering, Ignacio and Devereux, Christian and Barros, Kipton},
  title        = {ANI-2x Release},
  month        = nov,
  year         = 2023,
  publisher    = {Zenodo},
  doi          = {10.5281/zenodo.10108942},
  url          = {https://doi.org/10.5281/zenodo.10108942},
}

@misc{comp6v2,
 author = {Huddleston, Kate and Zubatyuk, Roman and Smith, Justin and Roitberg, Adrian and Isayev, Olexandr and Pickering, Ignacio and Devereux, Christian and Barros, Kipton},
  title = {COMP6v2 Release},
  month = nov,
  year = 2023,
  publisher = {Zenodo},
  doi = {10.5281/zenodo.10126157},
  url = {https://doi.org/10.5281/zenodo.10126157},
}

@article{ml_mm_santi_y_jonny1,
title={Assessment of Embedding Schemes in a Hybrid Machine Learning/Classical Potentials (ML/MM) Approach},
author={Grassano, Juan S. and Pickering, Ignacio and Roitberg, Adrian E. and Gonz{\'a}lez Lebrero, Mariano C. and Estrin, Dario A. and Semelak, Jonathan A.},
journal={Journal of Chemical Information and Modeling},
year={2024},
month={May},
day={27},
publisher={American Chemical Society},
volume={64},
number={10},
pages={4047-4058},
issn={1549-9596},
doi={10.1021/acs.jcim.4c00478},
url={https://doi.org/10.1021/acs.jcim.4c00478}
}

@article{ml_mm_santi_y_jonny2,
author = {Semelak, Jonathan A. and Pickering, Ignacio and Huddleston, Kate and Olmos, Justo and Grassano, Juan Santiago and Clemente, Camila Mara and Drusin, Salvador I. and Marti, Marcelo and Gonzalez Lebrero, Mariano Camilo and Roitberg, Adrian E. and Estrin, Dario A.},
title = {Advancing Multiscale Molecular Modeling with Machine Learning-Derived Electrostatics},
journal = {Journal of Chemical Theory and Computation},
year = {2025},
doi = {10.1021/acs.jctc.4c01792},
note ={PMID: 40038070},
URL = {https://doi.org/10.1021/acs.jctc.4c01792},
eprint = {https://doi.org/10.1021/acs.jctc.4c01792}
}

@article{ani-1xnr, 
author={Zhang, Shuhao and Mako{\'{s}}, Ma{\l}gorzata Z. and Jadrich, Ryan B. and Kraka, Elfi and Barros, Kipton and Nebgen, Benjamin T. and Tretiak, Sergei and Isayev, Olexandr and Lubbers, Nicholas and Messerly, Richard A. and Smith, Justin S.},
title={Exploring the frontiers of condensed-phase chemistry with a general reactive machine learning potential},
journal={Nature Chemistry},
year={2024},
month={May},
day={01},
volume={16},
number={5},
pages={727-734},
issn={1755-4349},
doi={10.1038/s41557-023-01427-3},
url={https://doi.org/10.1038/s41557-023-01427-3}
}



@article{yinuo_reactive_MLPs,
   author = "Yang, Yinuo and Zhang, Shuhao and Ranasinghe, Kavindri D. and Isayev, Olexandr and Roitberg, Adrian E.",
   title = "Machine Learning of Reactive Potentials", 
   journal= "Annual Review of Physical Chemistry",
   year = "2024",
   volume = "75",
   number = "Volume 75, 2024",
   pages = "371-395",
   doi = "https://doi.org/10.1146/annurev-physchem-062123-024417",
   url = "https://www.annualreviews.org/content/journals/10.1146/annurev-physchem-062123-024417",
   publisher = "Annual Reviews",
   issn = "1545-1593",
   type = "Journal Article",
   keywords = "neural networks",
   keywords = "chemical reactions",
   keywords = "machine learning",
   keywords = "computational chemistry",
   keywords = "potential energy surface",
  }

@article{legolas, 
author={Darrows, Mikayla and Kodituwakku, Dimuthu and Xue, Jinze and Pickering, Ignacio and Terrel, Nicholas and Roitberg, Adrian}, 
title={LEGOLAS: a Machine Learning method for rapid and accurate predictions of protein NMR chemical shifts.}, 
DOI={10.26434/chemrxiv-2025-w2qn8}, 
journal={ChemRxiv}, 
year={2025}} 

@Article{shiftx,
author={Neal, Stephen
and Nip, Alex M.
and Zhang, Haiyan
and Wishart, David S.},
title={Rapid and accurate calculation of protein 1H, 13C and 15N chemical shifts},
journal={Journal of Biomolecular NMR},
year={2003},
month={Jul},
day={01},
volume={26},
number={3},
pages={215-240},
issn={1573-5001},
doi={10.1023/A:1023812930288},
url={https://doi.org/10.1023/A:1023812930288}
}

@Article{qm9,
author={Ramakrishnan, Raghunathan and Dral, Pavlo O. and Rupp, Matthias and von Lilienfeld, O. Anatole},
title={Quantum chemistry structures and properties of 134 kilo molecules},
journal={Scientific Data},
year={2014},
month={Aug},
day={05},
volume={1},
number={1},
pages={140022},
issn={2052-4463},
doi={10.1038/sdata.2014.22},
url={https://doi.org/10.1038/sdata.2014.22}
}

@Article{qm40,
author={Madushanka, Ayesh and Moura, Renaldo T. and Kraka, Elfi},
title={QM40, Realistic Quantum Mechanical Dataset for Machine Learning in Molecular Science},
journal={Scientific Data},
year={2024},
month={Dec},
day={18},
volume={11},
number={1},
pages={1376},
issn={2052-4463},
doi={10.1038/s41597-024-04206-y},
url={https://doi.org/10.1038/s41597-024-04206-y}
}

@misc{pytorch,
      title={PyTorch: An Imperative Style, High-Performance Deep Learning Library}, 
      author={Adam Paszke and Sam Gross and Francisco Massa and Adam Lerer and James Bradbury and Gregory Chanan and Trevor Killeen and Zeming Lin and Natalia Gimelshein and Luca Antiga and Alban Desmaison and Andreas KÃ¶pf and Edward Yang and Zach DeVito and Martin Raison and Alykhan Tejani and Sasank Chilamkurthy and Benoit Steiner and Lu Fang and Junjie Bai and Soumith Chintala},
      year={2019},
      eprint={1912.01703},
      archivePrefix={arXiv},
      primaryClass={cs.LG},
      url={https://arxiv.org/abs/1912.01703}, 
}

@article{ml_mm_galvelis,
  title    = "{NNP/MM}: Accelerating molecular dynamics simulations with
              machine learning potentials and molecular mechanics",
  author   = "Galvelis, Raimondas and Varela-Rial, Alejandro and Doerr, Stefan and Fino, Roberto and Eastman, Peter and Markland, Thomas E and Chodera, John D and De Fabritiis, Gianni",
  journal  = "J. Chem. Inf. Model.",
  volume   =  63,
  number   =  18,
  pages    = "5701--5708",
  month    =  sep,
  year     =  2023,
  language = "en"
}


@article{behler_parrinello,
  title = {Generalized Neural-Network Representation of High-Dimensional Potential-Energy Surfaces},
  author = {Behler, J\"org and Parrinello, Michele},
  journal = {Phys. Rev. Lett.},
  volume = {98},
  issue = {14},
  pages = {146401},
  numpages = {4},
  year = {2007},
  month = {Apr},
  publisher = {American Physical Society},
  doi = {10.1103/PhysRevLett.98.146401},
  url = {https://link.aps.org/doi/10.1103/PhysRevLett.98.146401}
}

@article{atom_centered_symmetry_function_behler,
    title = {Atom-centered symmetry functions for constructing high-dimensional neural network potentials},
    author = {Behler, JÃ¶rg},
    journal = {The Journal of Chemical Physics},
    volume = {134},
    number = {7},
    pages = {074106},
    year = {2011},
    month = {02},
    issn = {0021-9606},
    doi = {10.1063/1.3553717},
    url = {https://doi.org/10.1063/1.3553717},
    eprint = {https://pubs.aip.org/aip/jcp/article-pdf/doi/10.1063/1.3553717/15435271/074106\_1\_online.pdf},
}

@article{deep_learning_lecun,
title={Deep learning},
author={LeCun, Yann and Bengio, Yoshua and Hinton, Geoffrey},
journal={Nature},
year={2015},
month={May},
day={01},
volume={521},
number={7553},
pages={436-444},
issn={1476-4687},
doi={10.1038/nature14539},
url={https://doi.org/10.1038/nature14539}
}

@article{uncertainty_atomistic_ml_peterson,
title  ="Addressing uncertainty in atomistic machine learning",
author ="Peterson, Andrew A. and Christensen, Rune and Khorshidi, Alireza",
journal  ="Phys. Chem. Chem. Phys.",
year  ="2017",
volume  ="19",
issue  ="18",
pages  ="10978-10985",
publisher  ="The Royal Society of Chemistry",
doi  ="10.1039/C7CP00375G",
url  ="http://dx.doi.org/10.1039/C7CP00375G"}

@article{protein_ff_fragmentation_nn_wang,
title = {Toward Building Protein Force Fields by Residue-Based Systematic Molecular Fragmentation and Neural Network},
author = {Wang, Hao and Yang, Weitao},
journal = {Journal of Chemical Theory and Computation},
volume = {15},
number = {2},
pages = {1409-1417},
year = {2019},
doi = {10.1021/acs.jctc.8b00895},
URL = {https://doi.org/10.1021/acs.jctc.8b00895},
eprint = {https://doi.org/10.1021/acs.jctc.8b00895}
}

@article{ml_energy_conserving_ff_chmiela,
title = {Machine learning of accurate energy-conserving molecular force fields},
author = {Stefan Chmiela  and Alexandre Tkatchenko  and Huziel E. Sauceda  and Igor Poltavsky  and Kristof T. SchÃ¼tt  and Klaus-Robert MÃ¼ller },
journal = {Science Advances},
volume = {3},
number = {5},
year = {2017},
doi = {10.1126/sciadv.1603015},
URL = {https://www.science.org/doi/abs/10.1126/sciadv.1603015},
eprint = {https://www.science.org/doi/pdf/10.1126/sciadv.1603015}
}

@article{ab_initio_pes_using_ml_lu,
title={Fast Near Ab Initio Potential Energy Surfaces Using Machine Learning},
author={Lu, Fenris and Cheng, Lixue and DiRisio, Ryan J. and Finney, Jacob M. and Boyer, Mark A. and Moonkaen, Pattarapon and Sun, Jiace and Lee, Sebastian J. R. and Deustua, J. Emiliano and Miller III, Thomas F. and McCoy, Anne B.},
journal={The Journal of Physical Chemistry A},
year={2022},
month={Jun},
day={30},
publisher={American Chemical Society},
volume={126},
number={25},
pages={4013-4024},
issn={1089-5639},
doi={10.1021/acs.jpca.2c02243},
url={https://doi.org/10.1021/acs.jpca.2c02243}
}

@article{ml_pes_jiang,
title={High-Fidelity Potential Energy Surfaces for Gas-Phase and Gas--Surface Scattering Processes from Machine Learning},
author={Jiang, Bin and Li, Jun and Guo, Hua},
journal={The Journal of Physical Chemistry Letters},
year={2020},
month={Jul},
day={02},
publisher={American Chemical Society},
volume={11},
number={13},
pages={5120-5131},
doi={10.1021/acs.jpclett.0c00989},
url={https://doi.org/10.1021/acs.jpclett.0c00989}
}

@article{pes_fitted_by_NN_handley,
title={Potential Energy Surfaces Fitted by Artificial Neural Networks},
author={Handley, Chris M. and Popelier, Paul L. A.},
journal={The Journal of Physical Chemistry A},
year={2010},
month={Mar},
day={18},
publisher={American Chemical Society},
volume={114},
number={10},
pages={3371-3383},
issn={1089-5639},
doi={10.1021/jp9105585},
url={https://doi.org/10.1021/jp9105585}
}

@article{dft_first_paper,
  title = {Self-Consistent Equations Including Exchange and Correlation Effects},
  author = {Kohn, W. and Sham, L. J.},
  journal = {Phys. Rev.},
  volume = {140},
  issue = {4A},
  pages = {A1133--A1138},
  numpages = {0},
  year = {1965},
  month = {Nov},
  publisher = {American Physical Society},
  doi = {10.1103/PhysRev.140.A1133},
  url = {https://link.aps.org/doi/10.1103/PhysRev.140.A1133}
}

@article{perspective_fifty_years_DFT,
    title = {Perspective: Fifty years of density-functional theory in chemical physics},
    author = {Becke, Axel D.},
    journal = {The Journal of Chemical Physics},
    volume = {140},
    number = {18},
    pages = {18A301},
    year = {2014},
    month = {04},
    issn = {0021-9606},
    doi = {10.1063/1.4869598},
    url = {https://doi.org/10.1063/1.4869598},
    eprint = {https://pubs.aip.org/aip/jcp/article-pdf/doi/10.1063/1.4869598/19900307/18a301\_1\_1.4869598.pdf},
}

@article{wB97X,
    author = {Chai, Jeng-Da and Head-Gordon, Martin},
    title = {Systematic optimization of long-range corrected hybrid density functionals},
    journal = {The Journal of Chemical Physics},
    volume = {128},
    number = {8},
    pages = {084106},
    year = {2008},
    month = {02},
    issn = {0021-9606},
    doi = {10.1063/1.2834918},
    url = {https://doi.org/10.1063/1.2834918},
    eprint = {https://pubs.aip.org/aip/jcp/article-pdf/doi/10.1063/1.2834918/15411250/084106\_1\_online.pdf},
}

@Article{6-31g*,
author={Hariharan, P. C.
and Pople, J. A.},
title={The influence of polarization functions on molecular orbital hydrogenation energies},
journal={Theoretica chimica acta},
year={1973},
month={Sep},
day={01},
volume={28},
number={3},
pages={213-222},
issn={1432-2234},
doi={10.1007/BF00533485},
url={https://doi.org/10.1007/BF00533485}
}

@article{1ccx_ccsd(t),
author = {Hobza, Pavel and Å poner, JiÅÃ­},
title = {Toward True DNA Base-Stacking Energies: MP2, CCSD(T), and Complete Basis Set Calculations},
journal = {Journal of the American Chemical Society},
volume = {124},
number = {39},
pages = {11802-11808},
year = {2002},
doi = {10.1021/ja026759n},
note ={PMID: 12296748},
URL = {https://doi.org/10.1021/ja026759n},
eprint = {https://doi.org/10.1021/ja026759n}
}

@article{1ccx_basis,
    author = {Kendall, Rick A. and Dunning, Thom H., Jr. and Harrison, Robert J.},
    title = {Electron affinities of the firstârow atoms revisited. Systematic basis sets and wave functions},
    journal = {The Journal of Chemical Physics},
    volume = {96},
    number = {9},
    pages = {6796-6806},
    year = {1992},
    month = {05},
    issn = {0021-9606},
    doi = {10.1063/1.462569},
    url = {https://doi.org/10.1063/1.462569},
    eprint = {https://pubs.aip.org/aip/jcp/article-pdf/96/9/6796/18998924/6796\_1\_online.pdf},
}

@article{coupled_cluster_first_paper,
    title = {On the Correlation Problem in Atomic and Molecular Systems. Calculation of Wavefunction Components in UrsellâType Expansion Using QuantumâField Theoretical Methods},
    author = {ÄÃ­Å¾ek, JiÅÃ­},
    journal = {The Journal of Chemical Physics},
    volume = {45},
    number = {11},
    pages = {4256-4266},
    year = {1966},
    month = {12},
    issn = {0021-9606},
    doi = {10.1063/1.1727484},
    url = {https://doi.org/10.1063/1.1727484},
    eprint = {https://pubs.aip.org/aip/jcp/article-pdf/45/11/4256/18845884/4256\_1\_online.pdf},
}

@article{dplno_ccsd(t)*,
    title = {Sparse mapsâA systematic infrastructure for reduced-scaling electronic structure methods. II. Linear scaling domain based pair natural orbital coupled cluster theory},
    author = {Riplinger, Christoph and Pinski, Peter and Becker, Ute and Valeev, Edward F. and Neese, Frank},
    journal = {The Journal of Chemical Physics},
    volume = {144},
    number = {2},
    pages = {024109},
    year = {2016},
    month = {01},
    issn = {0021-9606},
    doi = {10.1063/1.4939030},
    url = {https://doi.org/10.1063/1.4939030},
    eprint = {https://pubs.aip.org/aip/jcp/article-pdf/doi/10.1063/1.4939030/15507141/024109\_1\_online.pdf},
}

@article{ccsd(t)_f12,
    author = {Adler, Thomas B. and Knizia, Gerald and Werner, Hans-Joachim},
    title = {A simple and efficient CCSD(T)-F12 approximation},
    journal = {The Journal of Chemical Physics},
    volume = {127},
    number = {22},
    pages = {221106},
    year = {2007},
    month = {12},
    issn = {0021-9606},
    doi = {10.1063/1.2817618},
    url = {https://doi.org/10.1063/1.2817618},
    eprint = {https://pubs.aip.org/aip/jcp/article-pdf/doi/10.1063/1.2817618/13499829/221106\_1\_online.pdf},
}

@article{correcting_HF_atom_centered_potentials,
author = {Prasad, Viki Kumar and Otero-de-la-Roza, Alberto and DiLabio, Gino A.},
title = {Fast and Accurate Quantum Mechanical Modeling of Large Molecular Systems Using Small Basis Set HartreeâFock Methods Corrected with Atom-Centered Potentials},
journal = {Journal of Chemical Theory and Computation},
volume = {18},
number = {4},
pages = {2208-2232},
year = {2022},
doi = {10.1021/acs.jctc.1c01128},
note ={PMID: 35313106},
URL = {https://doi.org/10.1021/acs.jctc.1c01128},
eprint = {https://doi.org/10.1021/acs.jctc.1c01128}
}

@article{xtb_repulsion,
author = {Bannwarth, Christoph and Ehlert, Sebastian and Grimme, Stefan},
title = {GFN2-xTBâAn Accurate and Broadly Parametrized Self-Consistent Tight-Binding Quantum Chemical Method with Multipole Electrostatics and Density-Dependent Dispersion Contributions},
journal = {Journal of Chemical Theory and Computation},
volume = {15},
number = {3},
pages = {1652-1671},
year = {2019},
doi = {10.1021/acs.jctc.8b01176},
note ={PMID: 30741547},
URL = {https://doi.org/10.1021/acs.jctc.8b01176},
eprint = {https://doi.org/10.1021/acs.jctc.8b01176}
}

@misc{gelu,
      title={Gaussian Error Linear Units (GELUs)}, 
      author={Dan Hendrycks and Kevin Gimpel},
      year={2023},
      eprint={1606.08415},
      archivePrefix={arXiv},
      primaryClass={cs.LG},
      url={https://arxiv.org/abs/1606.08415}, 
}

@article{mol_reps_in_AI_drug_discovery_david,
author={David, Laurianne and Thakkar, Amol and Mercado, Roc{\'i}o and Engkvist, Ola},
title={Molecular representations in AI-driven drug discovery: a review and practical guide},
journal={Journal of Cheminformatics},
year={2020},
month={Sep},
day={17},
volume={12},
number={1},
pages={56},
issn={1758-2946},
doi={10.1186/s13321-020-00460-5},
url={https://doi.org/10.1186/s13321-020-00460-5}
}

@article{scalable_uncertainty_scalia,
author={Scalia, Gabriele and Grambow, Colin A. and Pernici, Barbara and Li, Yi-Pei and Green, William H.},
title={Evaluating Scalable Uncertainty Estimation Methods for Deep Learning-Based Molecular Property Prediction},
journal={Journal of Chemical Information and Modeling},
year={2020},
month={Jun},
day={22},
publisher={American Chemical Society},
volume={60},
number={6},
pages={2697-2717},
issn={1549-9596},
doi={10.1021/acs.jcim.9b00975},
url={https://doi.org/10.1021/acs.jcim.9b00975}
}

@misc{scalable_uncertainty_lakshminarayanan,
      title={Simple and Scalable Predictive Uncertainty Estimation using Deep Ensembles}, 
      author={Balaji Lakshminarayanan and Alexander Pritzel and Charles Blundell},
      year={2017},
      eprint={1612.01474},
      archivePrefix={arXiv},
      primaryClass={stat.ML},
      url={https://arxiv.org/abs/1612.01474}, 
}

@article{uncertainty_of_nnp_ensembles_kahle,
  title = {Quality of uncertainty estimates from neural network potential ensembles},
  author = {Kahle, Leonid and Zipoli, Federico},
  journal = {Phys. Rev. E},
  volume = {105},
  issue = {1},
  pages = {015311},
  numpages = {11},
  year = {2022},
  month = {Jan},
  publisher = {American Physical Society},
  doi = {10.1103/PhysRevE.105.015311},
  url = {https://link.aps.org/doi/10.1103/PhysRevE.105.015311}
}

@article{uncertainty_quantification_yang,
  title={Explainable Uncertainty Quantifications for Deep Learning-Based Molecular Property Prediction},
  author={Yang, Chu-I and Li, Yi-Pei},
  journal={ChemRxiv},
  doi={10.26434/chemrxiv-2022-qt49t},
  year={2022}
}

@article{uncertainty_quantification_dropout_wen,
title={Uncertainty quantification in molecular simulations with dropout neural network potentials},
author={Wen, Mingjian and Tadmor, Ellad B.},
journal={npj Computational Materials},
year={2020},
month={Aug},
day={14},
volume={6},
number={1},
pages={124},
doi={10.1038/s41524-020-00390-8},
url={https://doi.org/10.1038/s41524-020-00390-8}
}

@misc{dropout1,
      title={Improving neural networks by preventing co-adaptation of feature detectors}, 
      author={Geoffrey E. Hinton and Nitish Srivastava and Alex Krizhevsky and Ilya Sutskever and Ruslan R. Salakhutdinov},
      year={2012},
      eprint={1207.0580},
      archivePrefix={arXiv},
      primaryClass={cs.NE},
      url={https://arxiv.org/abs/1207.0580}, 
}

@article{dropout2,
  author  = {Nitish Srivastava and Geoffrey Hinton and Alex Krizhevsky and Ilya Sutskever and Ruslan Salakhutdinov},
  title   = {Dropout: A Simple Way to Prevent Neural Networks from Overfitting},
  journal = {Journal of Machine Learning Research},
  year    = {2014},
  volume  = {15},
  number  = {56},
  pages   = {1929--1958},
  url     = {http://jmlr.org/papers/v15/srivastava14a.html}
}

@article{optimal_ensemble_averaging_naftaly,
title = {Optimal ensemble averaging of neural networks},
author = {Ury Naftaly, Nathan Intrator and David Horn},
journal = {Network: Computation in Neural Systems},
volume = {8},
number = {3},
pages = {283--296},
year = {1997},
publisher = {Taylor \& Francis},
doi = {10.1088/0954-898X\_8\_3\_004},
URL = {https://doi.org/10.1088/0954-898X_8_3_004},
eprint = {https://doi.org/10.1088/0954-898X_8_3_004}
}

@article{ensemble_deep_learning_review_ganaie,
   title={Ensemble deep learning: A review},
   author={Ganaie, M.A. and Hu, Minghui and Malik, A.K. and Tanveer, M. and Suganthan, P.N.},
   volume={115},
   ISSN={0952-1976},
   url={http://dx.doi.org/10.1016/j.engappai.2022.105151},
   DOI={10.1016/j.engappai.2022.105151},
   journal={Engineering Applications of Artificial Intelligence},
   publisher={Elsevier BV},
   year={2022},
   month=oct, pages={105151} }

@article{automated_fragment_gen_smiles_bilsland,
title={Automated Generation of Novel Fragments Using Screening Data, a Dual SMILES Autoencoder, Transfer Learning and Syntax Correction},
author={Bilsland, Alan E. and McAulay, Kirsten and West, Ryan and Pugliese, Angelo and Bower, Justin},
journal={Journal of Chemical Information and Modeling},
year={2021},
month={Jun},
day={28},
publisher={American Chemical Society},
volume={61},
number={6},
pages={2547-2559},
issn={1549-9596},
doi={10.1021/acs.jcim.0c01226},
url={https://doi.org/10.1021/acs.jcim.0c01226}
}

@article{mol_patterns_SMARTS_schmidt,
title={Comparing Molecular Patterns Using the Example of SMARTS: Theory and Algorithms},
author={Schmidt, Robert and Ehmki, Emanuel S. R. and Ohm, Farina and Ehrlich, Hans-Christian and Mashychev, Andriy and Rarey, Matthias},
journal={Journal of Chemical Information and Modeling},
year={2019},
month={Jun},
day={24},
publisher={American Chemical Society},
volume={59},
number={6},
pages={2560-2571},
issn={1549-9596},
doi={10.1021/acs.jcim.9b00250},
url={https://doi.org/10.1021/acs.jcim.9b00250}
}

@article{direct_chem_perception_mobley,
title={Escaping Atom Types in Force Fields Using Direct Chemical Perception},
author={Mobley, David L. and Bannan, Caitlin C. and Rizzi, Andrea and Bayly, Christopher I. and Chodera, John D. and Lim, Victoria T. and Lim, Nathan M. and Beauchamp, Kyle A. and Slochower, David R. and Shirts, Michael R. and Gilson, Michael K. and Eastman, Peter K.},
journal={Journal of Chemical Theory and Computation},
year={2018},
month={Nov},
day={13},
publisher={American Chemical Society},
volume={14},
number={11},
pages={6076-6092},
issn={1549-9618},
doi={10.1021/acs.jctc.8b00640},
url={https://doi.org/10.1021/acs.jctc.8b00640}
}

@article{SMILES_pair_encoding_li,
title={SMILES Pair Encoding: A Data-Driven Substructure Tokenization Algorithm for Deep Learning},
author={Li, Xinhao and Fourches, Denis},
journal={Journal of Chemical Information and Modeling},
year={2021},
month={Apr},
day={26},
publisher={American Chemical Society},
volume={61},
number={4},
pages={1560-1569},
issn={1549-9596},
doi={10.1021/acs.jcim.0c01127},
url={https://doi.org/10.1021/acs.jcim.0c01127}
}

@article{gdb-11-1,
author = {Fink, Tobias and Bruggesser, Heinz and Reymond, Jean-Louis},
title = {Virtual Exploration of the Small-Molecule Chemical Universe below 160 Daltons},
journal = {Angewandte Chemie International Edition},
volume = {44},
number = {10},
pages = {1504-1508},
keywords = {chemoinformatics, combinatorial chemistry, computer chemistry, drug design, molecular diversity},
doi = {https://doi.org/10.1002/anie.200462457},
url = {https://onlinelibrary.wiley.com/doi/abs/10.1002/anie.200462457},
eprint = {https://onlinelibrary.wiley.com/doi/pdf/10.1002/anie.200462457},
year = {2005}
}


@article{gdb-11-2,
author = {Fink, Tobias and Reymond, Jean-Louis},
title = {Virtual Exploration of the Chemical Universe up to 11 Atoms of C, N, O, F: Assembly of 26.4 Million Structures (110.9 Million Stereoisomers) and Analysis for New Ring Systems, Stereochemistry, Physicochemical Properties, Compound Classes, and Drug Discovery},
journal = {Journal of Chemical Information and Modeling},
volume = {47},
number = {2},
pages = {342-353},
year = {2007},
doi = {10.1021/ci600423u},
note ={PMID: 17260980},
URL = {https://doi.org/10.1021/ci600423u},
eprint = {https://doi.org/10.1021/ci600423u}
}

@article{gdb-13,
author={Blum, Lorenz C. and Reymond, Jean-Louis},
title={970 Million Druglike Small Molecules for Virtual Screening in the Chemical Universe Database GDB-13},
journal={Journal of the American Chemical Society},
year={2009},
month={Jul},
day={01},
publisher={American Chemical Society},
volume={131},
number={25},
pages={8732-8733},
issn={0002-7863},
doi={10.1021/ja902302h},
url={https://doi.org/10.1021/ja902302h}
}

@article{gdb-17,
title={Enumeration of 166 Billion Organic Small Molecules in the Chemical Universe Database GDB-17},
author={Ruddigkeit, Lars and van Deursen, Ruud and Blum, Lorenz C. and Reymond, Jean-Louis},
journal={Journal of Chemical Information and Modeling},
year={2012},
month={Nov},
day={26},
publisher={American Chemical Society},
volume={52},
number={11},
pages={2864-2875},
issn={1549-9596},
doi={10.1021/ci300415d},
url={https://doi.org/10.1021/ci300415d}
}

@article{ChEMBL_gaulton,
    title = {ChEMBL: a large-scale bioactivity database for drug discovery},
    author = {Gaulton, Anna and Bellis, Louisa J. and Bento, A. Patricia and Chambers, Jon and Davies, Mark and Hersey, Anne and Light, Yvonne and McGlinchey, Shaun and Michalovich, David and Al-Lazikani, Bissan and Overington, John P.},
    journal = {Nucleic Acids Research},
    volume = {40},
    number = {D1},
    pages = {D1100-D1107},
    year = {2011},
    month = {09},
    issn = {0305-1048},
    doi = {10.1093/nar/gkr777},
    url = {https://doi.org/10.1093/nar/gkr777},
    eprint = {https://academic.oup.com/nar/article-pdf/40/D1/D1100/16955876/gkr777.pdf},
}

@article{trp_cage_roitberg,
author={Simmerling, Carlos and Strockbine, Bentley and Roitberg, Adrian E.},
title={All-Atom Structure Prediction and Folding Simulations of a Stable Protein},
journal={Journal of the American Chemical Society},
year={2002},
month={Sep},
day={01},
publisher={American Chemical Society},
volume={124},
number={38},
pages={11258-11259},
issn={0002-7863},
doi={10.1021/ja0273851},
url={https://doi.org/10.1021/ja0273851}
}

@article{dft_qm_mm_roitberg,
author={Crespo, Alejandro and Scherlis, Dami{\'a}n A. and Mart{\'i}, Marcelo A. and Ordej{\'o}n, Pablo and Roitberg, Adri{\'a}n E. and Estrin, Dar{\'i}o A.},
title={A DFT-Based QM-MM Approach Designed for the Treatment of Large Molecular Systems:{\thinspace} Application to Chorismate Mutase},
journal={The Journal of Physical Chemistry B},
year={2003},
month={Dec},
day={01},
publisher={American Chemical Society},
volume={107},
number={49},
pages={13728-13736},
issn={1520-6106},
doi={10.1021/jp036236h},
url={https://doi.org/10.1021/jp036236h}
}

@article{remd_adrian1,
author={Roitberg, Adrian E. and Okur, Asim and Simmerling, Carlos},
title={Coupling of Replica Exchange Simulations to a Non-Boltzmann Structure Reservoir},
journal={The Journal of Physical Chemistry B},
year={2007},
month={Mar},
day={01},
publisher={American Chemical Society},
volume={111},
number={10},
pages={2415-2418},
issn={1520-6106},
doi={10.1021/jp068335b},
url={https://doi.org/10.1021/jp068335b}
}

@article{remd_adrian2,
    author = {Sindhikara, Daniel and Meng, Yilin and Roitberg, Adrian E.},
    title = {Exchange frequency in replica exchange molecular dynamics},
    journal = {The Journal of Chemical Physics},
    volume = {128},
    number = {2},
    pages = {024103},
    year = {2008},
    month = {01},
    issn = {0021-9606},
    doi = {10.1063/1.2816560},
    url = {https://doi.org/10.1063/1.2816560},
    eprint = {https://pubs.aip.org/aip/jcp/article-pdf/doi/10.1063/1.2816560/13511221/024103\_1\_online.pdf},
}

@article{remd_umbrella,
author={Sabri Dashti, Danial and Roitberg, Adrian E.},
title={Optimization of Umbrella Sampling Replica Exchange Molecular Dynamics by Replica Positioning},
journal={Journal of Chemical Theory and Computation},
year={2013},
month={Nov},
day={12},
publisher={American Chemical Society},
volume={9},
number={11},
pages={4692-4699},
issn={1549-9618},
doi={10.1021/ct400366h},
url={https://doi.org/10.1021/ct400366h}
}

@article{QMtoMM_thermo_cycle,
author = {Giese, Timothy
J. and York, Darrin M.},
title = {Development of a Robust Indirect Approach for MM â QM Free Energy Calculations That Combines Force-Matched Reference Potential and Bennettâs Acceptance Ratio Methods},
journal = {Journal of Chemical Theory and Computation},
volume = {15},
number = {10},
pages = {5543-5562},
year = {2019},
doi = {10.1021/acs.jctc.9b00401},
note ={PMID: 31507179},
URL = {https://doi.org/10.1021/acs.jctc.9b00401},
eprint = {https://doi.org/10.1021/acs.jctc.9b00401}
}

@article{remd_adrian3,
  title     = "Constant pH replica exchange molecular dynamics in biomolecules using a discrete protonation model",
  author    = "Meng, Yilin and Roitberg, Adrian E",
  journal   = "J. Chem. Theory Comput.",
  publisher = "American Chemical Society (ACS)",
  volume    =  6,
  number    =  4,
  pages     = "1401--1412",
  month     =  apr,
  year      =  2010,
  language  = "en"
}

@article{remd_adrian4,
title={Constant pH Replica Exchange Molecular Dynamics in Explicit Solvent Using Discrete Protonation States: Implementation, Testing, and Validation},
author={Swails, Jason M. and York, Darrin M. and Roitberg, Adrian E.},
journal={Journal of Chemical Theory and Computation},
year={2014},
month={Mar},
day={11},
publisher={American Chemical Society},
volume={10},
number={3},
pages={1341-1352},
issn={1549-9618},
doi={10.1021/ct401042b},
url={https://doi.org/10.1021/ct401042b}
}

@article{original_amber,
title = {AMBER, a package of computer programs for applying molecular mechanics, normal mode analysis, molecular dynamics and free energy calculations to simulate the structural and energetic properties of molecules},
journal = {Computer Physics Communications},
volume = {91},
number = {1},
pages = {1-41},
year = {1995},
issn = {0010-4655},
doi = {https://doi.org/10.1016/0010-4655(95)00041-D},
url = {https://www.sciencedirect.com/science/article/pii/001046559500041D},
author = {David A. Pearlman and David A. Case and James W. Caldwell and Wilson S. Ross and Thomas E. Cheatham and Steve DeBolt and David Ferguson and George Seibel and Peter Kollman},
keywords = {Molecular mechanics, Molecular dynamics, Normal modes, Free energies, Computer simulations}
}

@article{amber_suite,
author = {Case, David A. and Cheatham III, Thomas E. and Darden, Tom and Gohlke, Holger and Luo, Ray and Merz Jr., Kenneth M. and Onufriev, Alexey and Simmerling, Carlos and Wang, Bing and Woods, Robert J.},
title = {The Amber biomolecular simulation programs},
journal = {Journal of Computational Chemistry},
volume = {26},
number = {16},
pages = {1668-1688},
keywords = {Amber, biomolecular simulation programs},
doi = {https://doi.org/10.1002/jcc.20290},
url = {https://onlinelibrary.wiley.com/doi/abs/10.1002/jcc.20290},
eprint = {https://onlinelibrary.wiley.com/doi/pdf/10.1002/jcc.20290},
year = {2005}
}

@article{amber_overview,
author = {Salomon-Ferrer, Romelia and Case, David A. and Walker, Ross C.},
title = {An overview of the Amber biomolecular simulation package},
journal = {WIREs Computational Molecular Science},
volume = {3},
number = {2},
pages = {198-210},
doi = {https://doi.org/10.1002/wcms.1121},
url = {https://wires.onlinelibrary.wiley.com/doi/abs/10.1002/wcms.1121},
eprint = {https://wires.onlinelibrary.wiley.com/doi/pdf/10.1002/wcms.1121},
year = {2013}
}

@article{gpu_accelerated_AMBER18,
title={GPU-Accelerated Molecular Dynamics and Free Energy Methods in Amber18: Performance Enhancements and New Features},
author={Lee, Tai-Sung and Cerutti, David S. and Mermelstein, Dan and Lin, Charles and LeGrand, Scott and Giese, Timothy J. and Roitberg, Adrian and Case, David A. and Walker, Ross C. and York, Darrin M.},
journal={Journal of Chemical Information and Modeling},
year={2018},
month={Oct},
day={22},
publisher={American Chemical Society},
volume={58},
number={10},
pages={2043-2050},
issn={1549-9596},
doi={10.1021/acs.jcim.8b00462},
url={https://doi.org/10.1021/acs.jcim.8b00462}
}

@article{gpu_accelerated_AMBER,
title={Routine Microsecond Molecular Dynamics Simulations with AMBER on GPUs. 1. Generalized Born},
author={G{\"o}tz, Andreas W. and Williamson, Mark J. and Xu, Dong and Poole, Duncan and Le Grand, Scott and Walker, Ross C.},
journal={Journal of Chemical Theory and Computation},
year={2012},
month={May},
day={08},
publisher={American Chemical Society},
volume={8},
number={5},
pages={1542-1555},
issn={1549-9618},
doi={10.1021/ct200909j},
url={https://doi.org/10.1021/ct200909j}
}

@article{gpu_dft,
author={Yasuda, Koji},
title={Accelerating Density Functional Calculations with Graphics Processing Unit},
journal={Journal of Chemical Theory and Computation},
year={2008},
month={Aug},
day={01},
publisher={American Chemical Society},
volume={4},
number={8},
pages={1230-1236},
issn={1549-9618},
doi={10.1021/ct8001046},
url={https://doi.org/10.1021/ct8001046}
}

@article{gpu_quantum_chem1,
  author={Ufimtsev, Ivan S. and MartÃ­nez, Todd J.},
  journal={Computing in Science \& Engineering}, 
  title={Graphical Processing Units for Quantum Chemistry}, 
  year={2008},
  volume={10},
  number={6},
  pages={26-34},
  keywords={Chemistry;Quantum mechanics;Quantum computing;Computer architecture;Samarium;Chemicals;Arithmetic;Computer interfaces;Hardware;Gaussian integrals;quantum chemistry;graphics processing unit;Coulomb repulsion;novel architectures},
  doi={10.1109/MCSE.2008.148}}

@article{gpu_quantum_chem2,
  doi = {10.1088/1742-6596/215/1/012121},
  url = {https://dx.doi.org/10.1088/1742-6596/215/1/012121},
  year = {2010},
  month = {mar},
  volume = {215},
  number = {1},
  pages = {012121},
  author = {H Tomono and M Aoki and T Iitaka and K Tsumuraya},
  title = {GPU based acceleration of first principles calculation},
  journal = {Journal of Physics: Conference Series}
}

@article{parallel_ab_initio_luehr,
author={Luehr, Nathan
and Jin, Alex G. B.
and Mart{\'i}nez, Todd J.},
title={Ab Initio Interactive Molecular Dynamics on Graphical Processing Units (GPUs)},
journal={Journal of Chemical Theory and Computation},
year={2015},
month={Oct},
day={13},
publisher={American Chemical Society},
volume={11},
number={10},
pages={4536-4544},
issn={1549-9618},
doi={10.1021/acs.jctc.5b00419},
url={https://doi.org/10.1021/acs.jctc.5b00419}
}

@article{interatomic_ff_ML_glielmo,
author = {Glielmo, Aldo and Sollich, Peter and Vita, Alessandro},
year = {2016},
month = {11},
pages = {},
title = {Accurate Interatomic Force Fields via Machine Learning with Covariant Kernels},
volume = {95},
journal = {Physical Review B},
doi = {10.1103/PhysRevB.95.214302}
}

@article{deep_tensor_NNs_schutt,
title={Quantum-chemical insights from deep tensor neural networks},
author={Sch{\"u}tt, Kristof T. and Arbabzadah, Farhad and Chmiela, Stefan and M{\"u}ller, Klaus R. and Tkatchenko, Alexandre},
journal={Nature Communications},
year={2017},
month={Jan},
day={09},
volume={8},
number={1},
pages={13890},
issn={2041-1723},
doi={10.1038/ncomms13890},
url={https://doi.org/10.1038/ncomms13890}
}

@article{TensorMol,
author ="Yao, Kun and Herr, John E. and Toth, DavidÂ W. and Mckintyre, Ryker and Parkhill, John",
title ="The TensorMol-0.1 model chemistry: a neural network augmented with long-range physics",
journal ="Chem. Sci.",
year ="2018",
volume ="9",
issue ="8",
pages ="2261-2269",
publisher ="The Royal Society of Chemistry",
doi ="10.1039/C7SC04934J",
url ="http://dx.doi.org/10.1039/C7SC04934J"
}

@article{ml_mm_largescale,
author = {B{\"o}selt, Lennard and Th{\"u}rlemann, Moritz and Riniker, Sereina},
title = {Machine Learning in QM/MM Molecular Dynamics Simulations of Condensed-Phase Systems},
journal = {Journal of Chemical Theory and Computation},
volume = {17},
number = {5},
pages = {2641-2658},
year = {2021},
doi = {10.1021/acs.jctc.0c01112},
note ={PMID: 33818085},
URL = {https://doi.org/10.1021/acs.jctc.0c01112},
eprint = {https://doi.org/10.1021/acs.jctc.0c01112}
}

@article{reactive_nnp_behler,
title = {First Principles Neural Network Potentials for Reactive Simulations of Large Molecular and Condensed Systems},
author = {Behler, JÃ¶rg},
journal = {Angewandte Chemie International Edition},
volume = {56},
number = {42},
pages = {12828-12840},
keywords = {computational chemistry, density functional calculations, molecular dynamics, neural networks, potential energy surfaces},
doi = {https://doi.org/10.1002/anie.201703114},
url = {https://onlinelibrary.wiley.com/doi/abs/10.1002/anie.201703114},
eprint = {https://onlinelibrary.wiley.com/doi/pdf/10.1002/anie.201703114},
year = {2017}
}

@article{md_onthefly_ml_forces_li,
  title = {Molecular Dynamics with On-the-Fly Machine Learning of Quantum-Mechanical Forces},
  author = {Li, Zhenwei and Kermode, James R. and De Vita, Alessandro},
  journal = {Phys. Rev. Lett.},
  volume = {114},
  issue = {9},
  pages = {096405},
  numpages = {5},
  year = {2015},
  month = {Mar},
  publisher = {American Physical Society},
  doi = {10.1103/PhysRevLett.114.096405},
  url = {https://link.aps.org/doi/10.1103/PhysRevLett.114.096405}
}

@article{prediction_errors_ml_lower_than_dft_faber,
title={Prediction Errors of Molecular Machine Learning Models Lower than Hybrid DFT Error},
author={Faber, Felix A. and Hutchison, Luke and Huang, Bing and Gilmer, Justin and Schoenholz, Samuel S. and Dahl, George E. and Vinyals, Oriol and Kearnes, Steven and Riley, Patrick F. and von Lilienfeld, O. Anatole},
journal={Journal of Chemical Theory and Computation},
year={2017},
month={Nov},
day={14},
publisher={American Chemical Society},
volume={13},
number={11},
pages={5255-5264},
issn={1549-9618},
doi={10.1021/acs.jctc.7b00577},
url={https://doi.org/10.1021/acs.jctc.7b00577}
}

@article{ml_atomization_energies_rupp,
  title = {Fast and Accurate Modeling of Molecular Atomization Energies with Machine Learning},
  author = {Rupp, Matthias and Tkatchenko, Alexandre and M\"uller, Klaus-Robert and von Lilienfeld, O. Anatole},
  journal = {Phys. Rev. Lett.},
  volume = {108},
  issue = {5},
  pages = {058301},
  numpages = {5},
  year = {2012},
  month = {Jan},
  publisher = {American Physical Society},
  doi = {10.1103/PhysRevLett.108.058301},
  url = {https://link.aps.org/doi/10.1103/PhysRevLett.108.058301}
}

@article{PerSpect_ml,
author = {Zhenyu Meng  and Kelin Xia },
title = {Persistent spectralâbased machine learning (PerSpect ML) for protein-ligand binding affinity prediction},
journal = {Science Advances},
volume = {7},
number = {19},
year = {2021},
doi = {10.1126/sciadv.abc5329},
URL = {https://www.science.org/doi/abs/10.1126/sciadv.abc5329},
eprint = {https://www.science.org/doi/pdf/10.1126/sciadv.abc5329}
}

@article{gnn_property_prediction1,
author={See, Teng Jiek
and Zhang, Daokun
and Boley, Mario
and Chalmers, David K.},
title={Graph Neural Network-Based Molecular Property Prediction with Patch Aggregation},
journal={Journal of Chemical Theory and Computation},
year={2024},
month={Oct},
day={22},
publisher={American Chemical Society},
volume={20},
number={20},
pages={8886-8896},
issn={1549-9618},
doi={10.1021/acs.jctc.4c00798},
url={https://doi.org/10.1021/acs.jctc.4c00798}
}

@article{gnn_property_prediction2,
author={Wu, Zhenxing and Wang, Jike and Du, Hongyan and Jiang, Dejun and Kang, Yu and Li, Dan and Pan, Peichen and Deng, Yafeng and Cao, Dongsheng and Hsieh, Chang-Yu and Hou, Tingjun},
title={Chemistry-intuitive explanation of graph neural networks for molecular property prediction with substructure masking},
journal={Nature Communications},
year={2023},
month={May},
day={04},
volume={14},
number={1},
pages={2585},
issn={2041-1723},
doi={10.1038/s41467-023-38192-3},
url={https://doi.org/10.1038/s41467-023-38192-3}
}

@article{gaussian_process_regression1,
author={Deringer, Volker L. and Bart{\'o}k, Albert P. and Bernstein, Noam and Wilkins, David M. and Ceriotti, Michele and Cs{\'a}nyi, G{\'a}bor},
title={Gaussian Process Regression for Materials and Molecules},
journal={Chemical Reviews},
year={2021},
month={Aug},
day={25},
publisher={American Chemical Society},
volume={121},
number={16},
pages={10073-10141},
issn={0009-2665},
doi={10.1021/acs.chemrev.1c00022},
url={https://doi.org/10.1021/acs.chemrev.1c00022}
}

@article{gaussian_process_regression2,
author={Burn, Matthew J. and Popelier, Paul L. A.},
title={Gaussian Process Regression Models for Predicting Atomic Energies and Multipole Moments},
journal={Journal of Chemical Theory and Computation},
year={2023},
month={Feb},
day={28},
publisher={American Chemical Society},
volume={19},
number={4},
pages={1370-1380},
issn={1549-9618},
doi={10.1021/acs.jctc.2c00731},
url={https://doi.org/10.1021/acs.jctc.2c00731}
}

@article{interatomic_descriptors_kabylda,
author={Kabylda, Adil and Vassilev-Galindo, Valentin and Chmiela, Stefan and Poltavsky, Igor and Tkatchenko, Alexandre},
title={Efficient interatomic descriptors for accurate machine learning force fields of extended molecules},
journal={Nature Communications},
year={2023},
month={Jun},
day={15},
volume={14},
number={1},
pages={3562},
issn={2041-1723},
doi={10.1038/s41467-023-39214-w},
url={https://doi.org/10.1038/s41467-023-39214-w}
}

@article{PIP_NN,
    author = {Jiang, Bin and Guo, Hua},
    title = {Permutation invariant polynomial neural network approach to fitting potential energy surfaces. III. Molecule-surface interactions},
    journal = {The Journal of Chemical Physics},
    volume = {141},
    number = {3},
    pages = {034109},
    year = {2014},
    month = {07},
    issn = {0021-9606},
    doi = {10.1063/1.4887363},
    url = {https://doi.org/10.1063/1.4887363},
    eprint = {https://pubs.aip.org/aip/jcp/article-pdf/doi/10.1063/1.4887363/15479814/034109\_1\_online.pdf},
}

@article{esders_atomic_NNP,
author = {Esders, Malte and Schnake, Thomas and Lederer, Jonas and Kabylda, Adil and Montavon, Gr{\'e}goire and Tkatchenko, Alexandre and M{\"u}ller, Klaus-Robert},
title = {Analyzing Atomic Interactions in Molecules as Learned by Neural Networks},
journal = {Journal of Chemical Theory and Computation},
volume = {21},
number = {2},
pages = {714-729},
year = {2025},
doi = {10.1021/acs.jctc.4c01424},
note ={PMID: 39792788},
URL = {https://doi.org/10.1021/acs.jctc.4c01424},
eprint = {https://doi.org/10.1021/acs.jctc.4c01424}
}

@article{DeePMD,
title = {DeePMD-kit: A deep learning package for many-body potential energy representation and molecular dynamics},
journal = {Computer Physics Communications},
volume = {228},
pages = {178-184},
year = {2018},
issn = {0010-4655},
doi = {https://doi.org/10.1016/j.cpc.2018.03.016},
url = {https://www.sciencedirect.com/science/article/pii/S0010465518300882},
author = {Han Wang and Linfeng Zhang and Jiequn Han and Weinan E},
keywords = {Many-body potential energy, Molecular dynamics, Deep neural networks},
}

@article{wACSF,
    author = {Gastegger, M. and Schwiedrzik, L. and Bittermann, M. and Berzsenyi, F. and Marquetand, P.},
    title = {wACSFâWeighted atom-centered symmetry functions as descriptors in machine learning potentials},
    journal = {The Journal of Chemical Physics},
    volume = {148},
    number = {24},
    pages = {241709},
    year = {2018},
    month = {03},
    issn = {0021-9606},
    doi = {10.1063/1.5019667},
    url = {https://doi.org/10.1063/1.5019667},
    eprint = {https://pubs.aip.org/aip/jcp/article-pdf/doi/10.1063/1.5019667/16654327/241709\_1\_online.pdf},
}

@article{SchNet,
    author = {SchÃ¼tt, K. T. and Sauceda, H. E. and Kindermans, P.-J. and Tkatchenko, A. and MÃ¼ller, K.-R.},
    title = {SchNet â A deep learning architecture for molecules and materials},
    journal = {The Journal of Chemical Physics},
    volume = {148},
    number = {24},
    pages = {241722},
    year = {2018},
    month = {03},
    issn = {0021-9606},
    doi = {10.1063/1.5019779},
    url = {https://doi.org/10.1063/1.5019779},
    eprint = {https://pubs.aip.org/aip/jcp/article-pdf/doi/10.1063/1.5019779/16655678/241722\_1\_online.pdf},
}

@article{PhysNet,
author = {Unke, Oliver T. and Meuwly, Markus},
title = {PhysNet: A Neural Network for Predicting Energies, Forces, Dipole Moments, and Partial Charges},
journal = {Journal of Chemical Theory and Computation},
volume = {15},
number = {6},
pages = {3678-3693},
year = {2019},
doi = {10.1021/acs.jctc.9b00181},
note ={PMID: 31042390},
URL = {https://doi.org/10.1021/acs.jctc.9b00181},
eprint = {https://doi.org/10.1021/acs.jctc.9b00181}
}

@Article{AIMNet_NSE,
author={Zubatyuk, Roman and Smith, Justin S. and Nebgen, Benjamin T. and Tretiak, Sergei and Isayev, Olexandr},
title={Teaching a neural network to attach and detach electrons from molecules},
journal={Nature Communications},
year={2021},
month={Aug},
day={11},
volume={12},
number={1},
pages={4870},
issn={2041-1723},
doi={10.1038/s41467-021-24904-0},
url={https://doi.org/10.1038/s41467-021-24904-0}
}

@Article{NequIP,
author={Batzner, Simon and Musaelian, Albert and Sun, Lixin and Geiger, Mario and Mailoa, Jonathan P. and Kornbluth, Mordechai and Molinari, Nicola and Smidt, Tess E. and Kozinsky, Boris},
title={E(3)-equivariant graph neural networks for data-efficient and accurate interatomic potentials},
journal={Nature Communications},
year={2022},
month={May},
day={04},
volume={13},
number={1},
pages={2453},
issn={2041-1723},
doi={10.1038/s41467-022-29939-5},
url={https://doi.org/10.1038/s41467-022-29939-5}
}

@misc{adam_optim,
      title={Adam: A Method for Stochastic Optimization}, 
      author={Diederik P. Kingma and Jimmy Ba},
      year={2017},
      eprint={1412.6980},
      archivePrefix={arXiv},
      primaryClass={cs.LG},
      url={https://arxiv.org/abs/1412.6980}, 
}

@article{PES_gasphase,
author = {Jiang, Bin and Li, Jun and Guo, Hua},
title = {High-Fidelity Potential Energy Surfaces for Gas-Phase and GasâSurface Scattering Processes from Machine Learning},
journal = {The Journal of Physical Chemistry Letters},
volume = {11},
number = {13},
pages = {5120-5131},
year = {2020},
doi = {10.1021/acs.jpclett.0c00989},
note ={PMID: 32517472},
URL = {https://doi.org/10.1021/acs.jpclett.0c00989},
eprint = {https://doi.org/10.1021/acs.jpclett.0c00989}
}

@article{specialized_nnp1,
    author = {Blank, Thomas B. and Brown, Steven D. and Calhoun, August W. and Doren, Douglas J.},
    title = {Neural network models of potential energy surfaces},
    journal = {The Journal of Chemical Physics},
    volume = {103},
    number = {10},
    pages = {4129-4137},
    year = {1995},
    month = {09},
    issn = {0021-9606},
    doi = {10.1063/1.469597},
    url = {https://doi.org/10.1063/1.469597},
    eprint = {https://pubs.aip.org/aip/jcp/article-pdf/103/10/4129/19201895/4129\_1\_online.pdf},
}

@article{specialized_nnp2,
author = {Gassner, Helmut and Probst, Michael and Lauenstein, Albert and Hermansson, Kersti},
title = {Representation of Intermolecular Potential Functions by Neural Networks},
journal = {The Journal of Physical Chemistry A},
volume = {102},
number = {24},
pages = {4596-4605},
year = {1998},
doi = {10.1021/jp972209d},
URL = {https://doi.org/10.1021/jp972209d},
eprint = {https://doi.org/10.1021/jp972209d}
}

@Article{chemical_space,
author={Kirkpatrick, Peter and Ellis, Clare},
title={Chemical space},
journal={Nature},
year={2004},
month={Dec},
day={01},
volume={432},
number={7019},
pages={823-823},
issn={1476-4687},
doi={10.1038/432823a},
url={https://doi.org/10.1038/432823a}
}

@article{lipinski,
title = {Lead- and drug-like compounds: the rule-of-five revolution},
journal = {Drug Discovery Today: Technologies},
volume = {1},
number = {4},
pages = {337-341},
year = {2004},
issn = {1740-6749},
doi = {https://doi.org/10.1016/j.ddtec.2004.11.007},
url = {https://www.sciencedirect.com/science/article/pii/S1740674904000551},
author = {Christopher A. Lipinski},
}

@article{bader_aim, 
title={Atoms in molecules}, 
volume={18}, 
DOI={10.1021/ar00109a003}, 
number={1}, 
journal={Accounts of Chemical Research}, 
author={Bader, R. F.}, 
year={1985}, 
month={Jan}, 
pages={9â15}
} 

@article{ASE_paper,
  title    = "The atomic simulation environment-a Python library for working
              with atoms",
  author   = "Hjorth Larsen, Ask and J{\o}rgen Mortensen, Jens and Blomqvist, Jakob and Castelli, Ivano E and Christensen, Rune and Du{\l}ak, Marcin and Friis, Jesper and Groves, Michael N and Hammer, Bj{\o}rk and Hargus, Cory and Hermes, Eric D and Jennings, Paul C and Bjerre Jensen, Peter and Kermode, James and Kitchin, John R and Leonhard Kolsbjerg, Esben and Kubal, Joseph and Kaasbjerg, Kristen and Lysgaard, Steen and Bergmann Maronsson, J{\'o}n and Maxson, Tristan and Olsen, Thomas and Pastewka, Lars and Peterson, Andrew and Rostgaard, Carsten and Schi{\o}tz, Jakob and Sch{\"u}tt, Ole and Strange, Mikkel and Thygesen, Kristian S and Vegge, Tejs and Vilhelmsen, Lasse and Walter, Michael and Zeng, Zhenhua and Jacobsen, Karsten W",
  journal  = "J. Phys. Condens. Matter",
  volume   =  29,
  number   =  27,
  pages    = "273002",
  month    =  jul,
  year     =  2017,
  language = "en"
}

@Article{LBFGS,
author={Liu, Dong C. and Nocedal, Jorge},
title={On the limited memory BFGS method for large scale optimization},
journal={Mathematical Programming},
year={1989},
month={Aug},
day={01},
volume={45},
number={1},
pages={503-528},
issn={1436-4646},
doi={10.1007/BF01589116},
url={https://doi.org/10.1007/BF01589116}
}

@article{smiles,
author = {Weininger, David},
title = {SMILES, a chemical language and information system. 1. Introduction to methodology and encoding rules},
journal = {Journal of Chemical Information and Computer Sciences},
volume = {28},
number = {1},
pages = {31-36},
year = {1988},
doi = {10.1021/ci00057a005},
URL = {https://doi.org/10.1021/ci00057a005},
eprint = {https://doi.org/10.1021/ci00057a005}
}

@misc{smarts,
title={Daylight theory: SMARTS - a language for describing molecular patterns}, 
url={https://www.daylight.com/dayhtml/doc/theory/theory.smarts.html},
journal={Daylight theory: SMARTS - a language for describing molecular patterns}, 
publisher={Daylight Chemical Information Systems, Inc.}
}

@misc{rdkit,
title={RDKit: Open-source cheminformatics},
url={https://www.rdkit.org}
}

@misc{gaussian16,
author={M. J. Frisch and G. W. Trucks and H. B. Schlegel and G. E. Scuseria and M. A. Robb and J. R. Cheeseman and G. Scalmani and V. Barone and G. A. Petersson and H. Nakatsuji and X. Li and M. Caricato and A. V. Marenich and J. Bloino and B. G. Janesko and R. Gomperts and B. Mennucci and H. P. Hratchian and J. V. Ortiz and A. F. Izmaylov and J. L. Sonnenberg and D. Williams-Young and F. Ding and F. Lipparini and F. Egidi and J. Goings and B. Peng and A. Petrone and T. Henderson and D. Ranasinghe and V. G. Zakrzewski and J. Gao and N. Rega and G. Zheng and W. Liang and M. Hada and M. Ehara and K. Toyota and R. Fukuda and J. Hasegawa and M. Ishida and T. Nakajima and Y. Honda and O. Kitao and H. Nakai and T. Vreven and K. Throssell and Montgomery, {Jr.}, J. A. and J. E. Peralta and F. Ogliaro and M. J. Bearpark and J. J. Heyd and E. N. Brothers and K. N. Kudin and V. N. Staroverov and T. A. Keith and R. Kobayashi and J. Normand and K. Raghavachari and A. P. Rendell and J. C. Burant and S. S. Iyengar and J. Tomasi and M. Cossi and J. M. Millam and M. Klene and C. Adamo and R. Cammi and J. W. Ochterski and R. L. Martin and K. Morokuma and O. Farkas and J. B. Foresman and D. J. Fox},
title={GaussianË16 {R}evision {C}.01},
year={2016},
note={Gaussian Inc. Wallingford CT}
}

@InProceedings{slurm,
author="Yoo, Andy B. and Jette, Morris A. and Grondona, Mark",
editor="Feitelson, Dror and Rudolph, Larry and Schwiegelshohn, Uwe",
title="SLURM: Simple Linux Utility for Resource Management",
booktitle="Job Scheduling Strategies for Parallel Processing",
year="2003",
publisher="Springer Berlin Heidelberg",
address="Berlin, Heidelberg",
pages="44--60",
isbn="978-3-540-39727-4"
}

@Article{babel,
author={O'Boyle, Noel M. and Banck, Michael and James, Craig A. and Morley, Chris and Vandermeersch, Tim and Hutchison, Geoffrey R.},
title={Open Babel: An open chemical toolbox},
journal={Journal of Cheminformatics},
year={2011},
month={Oct},
day={07},
volume={3},
number={1},
pages={33},
issn={1758-2946},
doi={10.1186/1758-2946-3-33},
url={https://doi.org/10.1186/1758-2946-3-33}
}

@article{lammps_ani,
author={Xue, Jinze and Terrel, Nicholas and Pickering, Ignacio and Roitberg, Adrian},
title={LAMMPS-ANI: Large Scale Molecular Dynamics Simulations with ANI Neural Network Potential [Unpublished Manuscript]},
journal={Department of Chemistry, University of Florida.}
}

@article{torchani_2.0,
author={Pickering, Ignacio and Xue, Jinze and Huddleston, Kate and Terrel, Nicholas and Roitberg, Adrian},
title={TorchANI 2.0: An extensible, high performance library for neural network potential design [Unpublished Manuscript]},
journal={Department of Chemistry, University of Florida}
}

@article{lammps_original,
title = {Fast Parallel Algorithms for Short-Range Molecular Dynamics},
journal = {Journal of Computational Physics},
volume = {117},
number = {1},
pages = {1-19},
year = {1995},
issn = {0021-9991},
doi = {https://doi.org/10.1006/jcph.1995.1039},
url = {https://www.sciencedirect.com/science/article/pii/S002199918571039X},
author = {Steve Plimpton},
}

@article{kokkos,
  title = "Kokkos: Enabling manycore performance portability through polymorphic memory access patterns ",
  journal = "Journal of Parallel and Distributed Computing ",
  volume = "74",
  number = "12",
  pages = "3202 - 3216",
  year = "2014",
  note = "Domain-Specific Languages and High-Level Frameworks for High-Performance Computing ",
  issn = "0743-7315",
  doi = "https://doi.org/10.1016/j.jpdc.2014.07.003",
  url = "http://www.sciencedirect.com/science/article/pii/S0743731514001257",
  author = "H. Carter Edwards and Christian R. Trott and Daniel Sunderland"
}

@article{kokkos_exascale, 
year = {2021}, 
title = {{Kokkos 3: Programming Model Extensions for the Exascale Era}}, 
author = {Trott, Christian R. and Lebrun-GrandiÃ©, Damien and Arndt, Daniel and Ciesko, Jan and Dang, Vinh and Ellingwood, Nathan and Gayatri, Rahulkumar and Harvey, Evan and Hollman, Daisy S. and Ibanez, Dan and Liber, Nevin and Madsen, Jonathan and Miles, Jeff and Poliakoff, David and Powell, Amy and Rajamanickam, Sivasankaran and Simberg, Mikael and Sunderland, Dan and Turcksin, Bruno and Wilke, Jeremiah}, 
journal = {IEEE Transactions on Parallel and Distributed Systems}, 
issn = {1045-9219}, 
doi = {10.1109/tpds.2021.3097283}, 
pages = {805--817}, 
number = {4}, 
volume = {33}, 
keywords = {}
}

@book{allen_book,
  author = {Allen, M. P. and Tildesley, D. J.},
  publisher = {Clarendon Press: Oxford},
  title = {Computer {S}imulation of {L}iquids},
  year = 1987,
  pages={146-155}
}

@Article{allegro,
author={Musaelian, Albert and Batzner, Simon and Johansson, Anders and Sun, Lixin and Owen, Cameron J. and Kornbluth, Mordechai and Kozinsky, Boris},
title={Learning local equivariant representations for large-scale atomistic dynamics},
journal={Nature Communications},
year={2023},
month={Feb},
day={03},
volume={14},
number={1},
pages={579},
issn={2041-1723},
doi={10.1038/s41467-023-36329-y},
url={https://doi.org/10.1038/s41467-023-36329-y}
}

@article{lammps,
  author = "A. P. Thompson and H. M. Aktulga and R. Berger and D. S. Bolintineanu and W. M. Brown and P. S. Crozier and P. J. in 't Veld and A. Kohlmeyer and S. G. Moore and T. D. Nguyen and R. Shan and M. J. Stevens and J. Tranchida and C. Trott and S. J. Plimpton",
  title = "{LAMMPS} - a flexible simulation tool for
     particle-based materials modeling at the 
     atomic, meso, and continuum scales",
  journal = "Comp. Phys. Comm.",
  volume =  "271",
  pages =   "108171",
  year =    "2022",
  doi = "10.1016/j.cpc.2021.108171"
} 

@article{miller_experiment,
author = {Stanley L. Miller },
title = {A Production of Amino Acids Under Possible Primitive Earth Conditions},
journal = {Science},
volume = {117},
number = {3046},
pages = {528-529},
year = {1953},
doi = {10.1126/science.117.3046.528},
URL = {https://www.science.org/doi/abs/10.1126/science.117.3046.528},
eprint = {https://www.science.org/doi/pdf/10.1126/science.117.3046.528}}

@Manual{rapids,
title = {RAPIDS: Libraries for End to End GPU Data Science},
organization = {RAPIDS Development Team},
year = {2023},
url = {https://rapids.ai}
}

@InProceedings{networkx,
  author =       {Aric A. Hagberg and Daniel A. Schult and Pieter J. Swart},
  title =        {Exploring Network Structure, Dynamics, and Function using NetworkX},
  booktitle =   {Proceedings of the 7th Python in Science Conference},
  pages =     {11 - 15},
  address = {Pasadena, CA USA},
  year =      {2008},
  editor =    {Ga\"el Varoquaux and Travis Vaught and Jarrod Millman},
}

@article{pubchem,
    author = {Kim, Sunghwan and Chen, Jie and Cheng, Tiejun and Gindulyte, Asta and He, Jia and He, Siqian and Li, Qingliang and Shoemaker, Benjamin A and Thiessen, Paul A and Yu, Bo and Zaslavsky, Leonid and Zhang, Jian and Bolton, EvanÂ E},
    title = {PubChem 2025 update},
    journal = {Nucleic Acids Research},
    volume = {53},
    number = {D1},
    pages = {D1516-D1525},
    year = {2024},
    month = {11},
    issn = {1362-4962},
    doi = {10.1093/nar/gkae1059},
    url = {https://doi.org/10.1093/nar/gkae1059},
    eprint = {https://academic.oup.com/nar/article-pdf/53/D1/D1516/60743708/gkae1059.pdf},
}

@article{packmol,
author = {MartÃ­nez, L. and Andrade, R. and Birgin, E. G. and MartÃ­nez, J. M.},
title = {PACKMOL: A package for building initial configurations for molecular dynamics simulations},
journal = {Journal of Computational Chemistry},
volume = {30},
number = {13},
pages = {2157-2164},
keywords = {initial configuration, molecular dynamics, packing, large-scale optimization, Packmol},
doi = {https://doi.org/10.1002/jcc.21224},
url = {https://onlinelibrary.wiley.com/doi/abs/10.1002/jcc.21224},
eprint = {https://onlinelibrary.wiley.com/doi/pdf/10.1002/jcc.21224},
year = {2009}
}

@article{vmd,
  author={William Humphrey and Andrew Dalke and Klaus Schulten},
  title={{VMD} -- {V}isual {M}olecular {D}ynamics},
  journal={Journal of Molecular Graphics},
  year=1996,
  volume=14,
  pages={33-38},
  note={},
  tbstatus={Published.},
  techrep={},
  tbreference={222}
}

@misc{hpg_metrics,
    title={HiPerGator Metrics: Status Dashboard},
    author={UFRC},
    url={https://metrics.rc.ufl.edu/d/e6ECgorZz/hipergator-status}
}

@article{mdtraj,
    title = {MDTraj: A Modern Open Library for the Analysis of
    Molecular Dynamics Trajectories},
    author = {McGibbon, Robert T. and Beauchamp, Kyle A. and Harrigan,
    Matthew P. and Klein, Christoph and Swails, Jason M. and
    Hern{\'a}ndez, Carlos X.  and Schwantes, Christian R. and Wang,
    Lee-Ping and Lane, Thomas J. and Pande, Vijay S.},
    journal = {Biophysical Journal},
    volume = {109},
    number = {8},
    pages = {1528 -- 1532},
    year = {2015},
    doi = {10.1016/j.bpj.2015.08.015}
}

@Manual{dask,
  title = {Dask: Library for dynamic task scheduling},
  author = {{Dask Development Team}},
  year = {2016},
  url = {http://dask.pydata.org},
}

@InProceedings{pandas,
  author    = { {W}es {M}c{K}inney },
  title     = { {D}ata {S}tructures for {S}tatistical {C}omputing in {P}ython },
  booktitle = { {P}roceedings of the 9th {P}ython in {S}cience {C}onference },
  pages     = { 56 - 61 },
  year      = { 2010 },
  editor    = { {S}t\'efan van der {W}alt and {J}arrod {M}illman },
  doi       = { 10.25080/Majora-92bf1922-00a }
}

@article{prebiotic_compounds_EE_atmosphere,
author = {Christian Jenewein  and Aurora MaÃ­z-Sicilia  and Fernando Rull  and Lorena GonzÃ¡lez-Souto  and Juan Manuel GarcÃ­a-Ruiz },
title = {Concomitant formation of protocells and prebiotic compounds under a plausible early Earth atmosphere},
journal = {Proceedings of the National Academy of Sciences},
volume = {122},
number = {2},
year = {2025},
doi = {10.1073/pnas.2413816122},
URL = {https://www.pnas.org/doi/abs/10.1073/pnas.2413816122},
eprint = {https://www.pnas.org/doi/pdf/10.1073/pnas.2413816122},
}

@Article{astroid_sample,
author={Glavin, Daniel P. and Dworkin, Jason P. and Alexander, Conel M. O'D. and Aponte, Jos{\'e} C. and Baczynski, Allison A. and Barnes, Jessica J. and Bechtel, Hans A. and Berger, Eve L. and Burton, Aaron S. and Caselli, Paola and Chung, Angela H. and Clemett, Simon J. and Cody, George D. and Dominguez, Gerardo and Elsila, Jamie E. and Farnsworth, Kendra K. and Foustoukos, Dionysis I. and Freeman, Katherine H. and Furukawa, Yoshihiro and Gainsforth, Zack and Graham, Heather V. and Grassi, Tommaso and Giuliano, Barbara Michela and Hamilton, Victoria E. and Haenecour, Pierre and Heck, Philipp R. and Hofmann, Amy E. and House, Christopher H. and Huang, Yongsong and Kaplan, Hannah H. and Keller, Lindsay P. and Kim, Bumsoo and Koga, Toshiki and Liss, Michael and McLain, Hannah L. and Marcus, Matthew A. and Matney, Mila and McCoy, Timothy J. and McIntosh, Oph{\'e}lie M. and Mojarro, Angel and Naraoka, Hiroshi and Nguyen, Ann N. and Nuevo, Michel and Nuth, Joseph A. and Oba, Yasuhiro and Parker, Eric T. and Peretyazhko, Tanya S. and Sandford, Scott A. and Santos, Ewerton and Schmitt-Kopplin, Philippe and Seguin, Frederic and Simkus, Danielle N. and Shahid, Anique and Takano, Yoshinori and Thomas-Keprta, Kathie L. and Tripathi, Havishk and Weiss, Gabriella and Zheng, Yuke and Lunning, Nicole G. and Righter, Kevin and Connolly, Harold C. and Lauretta, Dante S.},
title={Abundant ammonia and nitrogen-rich soluble organic matter in samples from asteroid (101955) Bennu},
journal={Nature Astronomy},
year={2025},
month={Jan},
day={29},
issn={2397-3366},
doi={10.1038/s41550-024-02472-9},
url={https://doi.org/10.1038/s41550-024-02472-9}
}



@article{NN_SVG, 
doi = {10.21105/joss.00747}, 
url = {https://doi.org/10.21105/joss.00747}, 
year = {2019}, publisher = {The Open Journal}, 
volume = {4}, 
number = {33}, 
pages = {747}, 
author = {Alexander LeNail}, title = {NN-SVG: Publication-Ready Neural Network Architecture Schematics}, journal = {Journal of Open Source Software} 
}

@article{schrodinger_eqn,
  title = {An Undulatory Theory of the Mechanics of Atoms and Molecules},
  author = {Schr\"odinger, E.},
  journal = {Phys. Rev.},
  volume = {28},
  issue = {6},
  pages = {1049--1070},
  numpages = {0},
  year = {1926},
  month = {Dec},
  publisher = {American Physical Society},
  doi = {10.1103/PhysRev.28.1049},
  url = {https://link.aps.org/doi/10.1103/PhysRev.28.1049}
}


